%YAML 1.1
%TAG !u! tag:unity3d.com,2011:
--- !u!1 &274667174
GameObject:
  m_ObjectHideFlags: 0
  m_CorrespondingSourceObject: {fileID: 0}
  m_PrefabInstance: {fileID: 0}
  m_PrefabAsset: {fileID: 0}
  serializedVersion: 6
  m_Component:
  - component: {fileID: 274667180}
  - component: {fileID: 274667179}
  - component: {fileID: 274667178}
  - component: {fileID: 274667177}
  - component: {fileID: 274667176}
  - component: {fileID: 274667175}
  - component: {fileID: 3700327224216898640}
  m_Layer: 0
  m_Name: Collider
  m_TagString: Untagged
  m_Icon: {fileID: 0}
  m_NavMeshLayer: 0
  m_StaticEditorFlags: 127
  m_IsActive: 1
--- !u!4 &274667180
Transform:
  m_ObjectHideFlags: 0
  m_CorrespondingSourceObject: {fileID: 0}
  m_PrefabInstance: {fileID: 0}
  m_PrefabAsset: {fileID: 0}
  m_GameObject: {fileID: 274667174}
  m_LocalRotation: {x: -0, y: -0, z: -0, w: 1}
  m_LocalPosition: {x: -0.14199829, y: -0.16159987, z: 1.4849987}
  m_LocalScale: {x: 1, y: 1, z: 1}
  m_Children: []
  m_Father: {fileID: 4716679046167412}
  m_RootOrder: 0
  m_LocalEulerAnglesHint: {x: 0, y: 0, z: 0}
--- !u!23 &274667179
MeshRenderer:
  m_ObjectHideFlags: 0
  m_CorrespondingSourceObject: {fileID: 0}
  m_PrefabInstance: {fileID: 0}
  m_PrefabAsset: {fileID: 0}
  m_GameObject: {fileID: 274667174}
  m_Enabled: 0
  m_CastShadows: 2
  m_ReceiveShadows: 1
  m_DynamicOccludee: 1
  m_MotionVectors: 1
  m_LightProbeUsage: 1
  m_ReflectionProbeUsage: 1
  m_RenderingLayerMask: 1
  m_RendererPriority: 0
  m_Materials:
  - {fileID: 2100000, guid: ec0aa376067f4c6fa4b637e3cd479088, type: 2}
  m_StaticBatchInfo:
    firstSubMesh: 0
    subMeshCount: 0
  m_StaticBatchRoot: {fileID: 0}
  m_ProbeAnchor: {fileID: 0}
  m_LightProbeVolumeOverride: {fileID: 0}
  m_ScaleInLightmap: 1
  m_PreserveUVs: 0
  m_IgnoreNormalsForChartDetection: 0
  m_ImportantGI: 0
  m_StitchLightmapSeams: 0
  m_SelectedEditorRenderState: 2
  m_MinimumChartSize: 4
  m_AutoUVMaxDistance: 0.5
  m_AutoUVMaxAngle: 89
  m_LightmapParameters: {fileID: 0}
  m_SortingLayerID: 0
  m_SortingLayer: 0
  m_SortingOrder: 0
--- !u!33 &274667178
MeshFilter:
  m_ObjectHideFlags: 0
  m_CorrespondingSourceObject: {fileID: 0}
  m_PrefabInstance: {fileID: 0}
  m_PrefabAsset: {fileID: 0}
  m_GameObject: {fileID: 274667174}
  m_Mesh: {fileID: 0}
--- !u!114 &274667177
MonoBehaviour:
  m_ObjectHideFlags: 0
  m_CorrespondingSourceObject: {fileID: 0}
  m_PrefabInstance: {fileID: 0}
  m_PrefabAsset: {fileID: 0}
  m_GameObject: {fileID: 274667174}
  m_Enabled: 1
  m_EditorHideFlags: 0
  m_Script: {fileID: 232430130, guid: 4f0627da958b4bb78c260446066f065f, type: 3}
  m_Name: 
  m_EditorClassIdentifier: 
  _quads:
  - _indices: 010000000300000000000000030000000400000000000000040000000500000000000000010000000200000003000000
    _distinctIndices: 010000000300000000000000040000000500000002000000
    _edges:
    - x: 0
      y: 1
    - x: 3
      y: 4
    - x: 4
      y: 5
    - x: 5
      y: 0
    - x: 1
      y: 2
    - x: 2
      y: 3
    _smoothingGroup: 0
    _uv:
      useWorldSpace: 0
      flipU: 0
      flipV: 0
      swapUV: 0
      fill: 1
      scale: {x: 1, y: 1}
      offset: {x: 0, y: 0}
      rotation: 0
      justify: 0
      localPivot: {x: -0.14199829, y: -1.4626036}
      localSize: {x: 0, y: 0}
      anchor: 9
    _mat: {fileID: 2100000, guid: ec0aa376067f4c6fa4b637e3cd479088, type: 2}
    manualUV: 0
    textureGroup: -1
  - _indices: 0700000008000000090000000a0000000b000000060000000a00000006000000070000000a0000000700000009000000
    _distinctIndices: 0700000008000000090000000a0000000b00000006000000
    _edges:
    - x: 7
      y: 8
    - x: 8
      y: 9
    - x: 10
      y: 11
    - x: 11
      y: 6
    - x: 6
      y: 7
    - x: 9
      y: 10
    _smoothingGroup: 0
    _uv:
      useWorldSpace: 0
      flipU: 0
      flipV: 0
      swapUV: 0
      fill: 1
      scale: {x: 1, y: 1}
      offset: {x: 0, y: 0}
      rotation: 0
      justify: 0
      localPivot: {x: 0.14198011, y: -1.4752707}
      localSize: {x: 0, y: 0}
      anchor: 9
    _mat: {fileID: 2100000, guid: ec0aa376067f4c6fa4b637e3cd479088, type: 2}
    manualUV: 0
    textureGroup: -1
  - _indices: 0e0000000f0000000d0000000d0000000f000000100000000d000000100000000c000000
    _distinctIndices: 0e0000000f0000000d000000100000000c000000
    _edges:
    - x: 14
      y: 15
    - x: 13
      y: 14
    - x: 15
      y: 16
    - x: 16
      y: 12
    - x: 12
      y: 13
    _smoothingGroup: 0
    _uv:
      useWorldSpace: 0
      flipU: 0
      flipV: 0
      swapUV: 0
      fill: 1
      scale: {x: 1, y: 1}
      offset: {x: 0, y: 0}
      rotation: 0
      justify: 0
      localPivot: {x: -0.1479789, y: 0.15982723}
      localSize: {x: 0, y: 0}
      anchor: 9
    _mat: {fileID: 2100000, guid: ec0aa376067f4c6fa4b637e3cd479088, type: 2}
    manualUV: 0
    textureGroup: 1
  - _indices: 120000001300000011000000110000001300000015000000150000001300000014000000
    _distinctIndices: 1200000013000000110000001500000014000000
    _edges:
    - x: 18
      y: 19
    - x: 17
      y: 18
    - x: 21
      y: 17
    - x: 19
      y: 20
    - x: 20
      y: 21
    _smoothingGroup: 0
    _uv:
      useWorldSpace: 0
      flipU: 0
      flipV: 0
      swapUV: 0
      fill: 1
      scale: {x: 1, y: 1}
      offset: {x: 0, y: 0}
      rotation: 0
      justify: 0
      localPivot: {x: -0.1479789, y: 0.15982723}
      localSize: {x: 0, y: 0}
      anchor: 9
    _mat: {fileID: 2100000, guid: ec0aa376067f4c6fa4b637e3cd479088, type: 2}
    manualUV: 0
    textureGroup: 1
  - _indices: 190000001600000018000000180000001600000017000000
    _distinctIndices: 19000000160000001800000017000000
    _edges:
    - x: 25
      y: 22
    - x: 24
      y: 25
    - x: 22
      y: 23
    - x: 23
      y: 24
    _smoothingGroup: 0
    _uv:
      useWorldSpace: 0
      flipU: 0
      flipV: 0
      swapUV: 0
      fill: 1
      scale: {x: 1, y: 1}
      offset: {x: 0, y: 0}
      rotation: 0
      justify: 0
      localPivot: {x: -0.1479789, y: 0.15982723}
      localSize: {x: 0, y: 0}
      anchor: 9
    _mat: {fileID: 2100000, guid: ec0aa376067f4c6fa4b637e3cd479088, type: 2}
    manualUV: 0
    textureGroup: 1
  - _indices: 1c0000001b0000001a0000001c0000001d0000001b000000
    _distinctIndices: 1c0000001b0000001a0000001d000000
    _edges:
    - x: 27
      y: 26
    - x: 26
      y: 28
    - x: 28
      y: 29
    - x: 29
      y: 27
    _smoothingGroup: 0
    _uv:
      useWorldSpace: 0
      flipU: 0
      flipV: 0
      swapUV: 0
      fill: 1
      scale: {x: 1, y: 1}
      offset: {x: 0, y: 0}
      rotation: 0
      justify: 0
      localPivot: {x: 0.15137973, y: -3.1842413}
      localSize: {x: 0, y: 0}
      anchor: 9
    _mat: {fileID: 2100000, guid: ec0aa376067f4c6fa4b637e3cd479088, type: 2}
    manualUV: 0
    textureGroup: -1
  _sharedIndices:
  - array: 00000000
  - array: 01000000
  - array: 0200000015000000
  - array: 030000001400000018000000
  - array: 040000000c00000017000000
  - array: 0500000010000000
  - array: 060000000e0000001a000000
  - array: 07000000120000001b000000
  - array: 0800000011000000
  - array: 09000000
  - array: 0a000000
  - array: 0b0000000f000000
  - array: 0d00000016000000
  - array: 1300000019000000
  - array: 1c000000
  - array: 1d000000
  _vertices:
  - {x: 2.1419983, y: 2.150924, z: 0.5150013}
  - {x: -1.8580017, y: 2.150924, z: 0.5150013}
  - {x: -1.8580017, y: 2.150924, z: -3.4402084}
  - {x: -0.85629463, y: 2.150924, z: -3.4402084}
  - {x: 1.1130638, y: 2.150924, z: -3.4402084}
  - {x: 2.1419983, y: 2.150924, z: -3.4402084}
  - {x: 1.1269989, y: -1.8383999, z: -3.4508438}
  - {x: -0.8430042, y: -1.8383999, z: -3.4358444}
  - {x: -1.8580017, y: -1.8065939, z: -3.425209}
  - {x: -1.8580017, y: -1.8065939, z: 0.5150013}
  - {x: 2.1419983, y: -1.8065939, z: 0.5150013}
  - {x: 2.1419983, y: -1.8065939, z: -3.4402084}
  - {x: 1.1130638, y: 2.150924, z: -3.4402084}
  - {x: 1.1419983, y: 1.1616, z: -3.4508438}
  - {x: 1.1269989, y: -1.8383999, z: -3.4508438}
  - {x: 2.1419983, y: -1.8065939, z: -3.4402084}
  - {x: 2.1419983, y: 2.150924, z: -3.4402084}
  - {x: -1.8580017, y: -1.8065939, z: -3.425209}
  - {x: -0.8430042, y: -1.8383999, z: -3.4358444}
  - {x: -0.8580036, y: 1.1616, z: -3.4508438}
  - {x: -0.85629463, y: 2.150924, z: -3.4402084}
  - {x: -1.8580017, y: 2.150924, z: -3.4402084}
  - {x: 1.1419983, y: 1.1616, z: -3.4508438}
  - {x: 1.1130638, y: 2.150924, z: -3.4402084}
  - {x: -0.85629463, y: 2.150924, z: -3.4402084}
  - {x: -0.8580036, y: 1.1616, z: -3.4508438}
  - {x: 1.1269989, y: -1.8383999, z: -3.4508438}
  - {x: -0.8430042, y: -1.8383999, z: -3.4358444}
  - {x: 1.1420001, y: -1.8338128, z: -3.4849985}
  - {x: -0.84300345, y: -1.8338125, z: -3.4849994}
  _uv:
  - {x: -2.1419983, y: 0.5150013}
  - {x: 1.8580017, y: 0.5150013}
  - {x: 1.8580017, y: -3.4402084}
  - {x: 0.85629463, y: -3.4402084}
  - {x: -1.1130638, y: -3.4402084}
  - {x: -2.1419983, y: -3.4402084}
  - {x: 1.1269804, y: -3.4582415}
  - {x: -0.84302276, y: -3.443242}
  - {x: -1.85802, y: -3.4324782}
  - {x: -1.85802, y: 0.5077001}
  - {x: 2.1419802, y: 0.5076999}
  - {x: 2.1419802, y: -3.4474778}
  - {x: -1.119056, y: 2.154486}
  - {x: -1.148009, y: 1.1651735}
  - {x: -1.1330096, y: -1.8348249}
  - {x: -2.147989, y: -1.8030318}
  - {x: -2.147989, y: 2.1544843}
  - {x: 1.8520312, y: -1.8030401}
  - {x: 0.83701676, y: -1.834837}
  - {x: 0.85199, y: 1.1651771}
  - {x: 0.85029954, y: 2.1544895}
  - {x: 1.8520051, y: 2.1544914}
  - {x: -1.148009, y: 1.1651735}
  - {x: -1.119056, y: 2.154486}
  - {x: 0.85029954, y: 2.1544895}
  - {x: 0.85199, y: 1.1651771}
  - {x: 1.1288844, y: -3.174577}
  - {x: -0.84111756, y: -3.1594422}
  - {x: 1.143881, y: -3.2090404}
  - {x: -0.8411215, y: -3.2087693}
  _uv3:
  - {x: 0, y: 0, z: 0, w: 0}
  - {x: 0, y: 0, z: 0, w: 0}
  - {x: 0, y: 0, z: 0, w: 0}
  - {x: 0, y: 0, z: 0, w: 0}
  - {x: 0, y: 0, z: 0, w: 0}
  - {x: 0, y: 0, z: 0, w: 0}
  - {x: 0, y: 0, z: 0, w: 0}
  - {x: 0, y: 0, z: 0, w: 0}
  - {x: 0, y: 0, z: 0, w: 0}
  - {x: 0, y: 0, z: 0, w: 0}
  - {x: 0, y: 0, z: 0, w: 0}
  - {x: 0, y: 0, z: 0, w: 0}
  - {x: 0, y: 0, z: 0, w: 0}
  - {x: 0, y: 0, z: 0, w: 0}
  - {x: 0, y: 0, z: 0, w: 0}
  - {x: 0, y: 0, z: 0, w: 0}
  - {x: 0, y: 0, z: 0, w: 0}
  - {x: 0, y: 0, z: 0, w: 0}
  - {x: 0, y: 0, z: 0, w: 0}
  - {x: 0, y: 0, z: 0, w: 0}
  - {x: 0, y: 0, z: 0, w: 0}
  - {x: 0, y: 0, z: 0, w: 0}
  - {x: 0, y: 0, z: 0, w: 0}
  - {x: 0, y: 0, z: 0, w: 0}
  - {x: 0, y: 0, z: 0, w: 0}
  - {x: 0, y: 0, z: 0, w: 0}
  - {x: 0, y: 0, z: 0, w: 0}
  - {x: 0, y: 0, z: 0, w: 0}
  - {x: 0, y: 0, z: 0, w: 0}
  - {x: 0, y: 0, z: 0, w: 0}
  - {x: 0, y: 0, z: 0, w: 0}
  - {x: 0, y: 0, z: 0, w: 0}
  - {x: 0, y: 0, z: 0, w: 0}
  - {x: 0, y: 0, z: 0, w: 0}
  - {x: 0, y: 0, z: 0, w: 0}
  - {x: 0, y: 0, z: 0, w: 0}
  - {x: 0, y: 0, z: 0, w: 0}
  - {x: 0, y: 0, z: 0, w: 0}
  - {x: 0, y: 0, z: 0, w: 0}
  - {x: 0, y: 0, z: 0, w: 0}
  - {x: 0, y: 0, z: 0, w: 0}
  - {x: 0, y: 0, z: 0, w: 0}
  _uv4:
  - {x: 0, y: 0, z: 0, w: 0}
  - {x: 0, y: 0, z: 0, w: 0}
  - {x: 0, y: 0, z: 0, w: 0}
  - {x: 0, y: 0, z: 0, w: 0}
  - {x: 0, y: 0, z: 0, w: 0}
  - {x: 0, y: 0, z: 0, w: 0}
  - {x: 0, y: 0, z: 0, w: 0}
  - {x: 0, y: 0, z: 0, w: 0}
  - {x: 0, y: 0, z: 0, w: 0}
  - {x: 0, y: 0, z: 0, w: 0}
  - {x: 0, y: 0, z: 0, w: 0}
  - {x: 0, y: 0, z: 0, w: 0}
  - {x: 0, y: 0, z: 0, w: 0}
  - {x: 0, y: 0, z: 0, w: 0}
  - {x: 0, y: 0, z: 0, w: 0}
  - {x: 0, y: 0, z: 0, w: 0}
  - {x: 0, y: 0, z: 0, w: 0}
  - {x: 0, y: 0, z: 0, w: 0}
  - {x: 0, y: 0, z: 0, w: 0}
  - {x: 0, y: 0, z: 0, w: 0}
  - {x: 0, y: 0, z: 0, w: 0}
  - {x: 0, y: 0, z: 0, w: 0}
  - {x: 0, y: 0, z: 0, w: 0}
  - {x: 0, y: 0, z: 0, w: 0}
  - {x: 0, y: 0, z: 0, w: 0}
  - {x: 0, y: 0, z: 0, w: 0}
  - {x: 0, y: 0, z: 0, w: 0}
  - {x: 0, y: 0, z: 0, w: 0}
  - {x: 0, y: 0, z: 0, w: 0}
  - {x: 0, y: 0, z: 0, w: 0}
  - {x: 0, y: 0, z: 0, w: 0}
  - {x: 0, y: 0, z: 0, w: 0}
  - {x: 0, y: 0, z: 0, w: 0}
  - {x: 0, y: 0, z: 0, w: 0}
  - {x: 0, y: 0, z: 0, w: 0}
  - {x: 0, y: 0, z: 0, w: 0}
  - {x: 0, y: 0, z: 0, w: 0}
  - {x: 0, y: 0, z: 0, w: 0}
  - {x: 0, y: 0, z: 0, w: 0}
  - {x: 0, y: 0, z: 0, w: 0}
  - {x: 0, y: 0, z: 0, w: 0}
  - {x: 0, y: 0, z: 0, w: 0}
  _tangents: []
  _sharedIndicesUV: []
  _colors:
  - {r: 1, g: 1, b: 1, a: 1}
  - {r: 1, g: 1, b: 1, a: 1}
  - {r: 1, g: 1, b: 1, a: 1}
  - {r: 1, g: 1, b: 1, a: 1}
  - {r: 1, g: 1, b: 1, a: 1}
  - {r: 1, g: 1, b: 1, a: 1}
  - {r: 1, g: 1, b: 1, a: 1}
  - {r: 1, g: 1, b: 1, a: 1}
  - {r: 1, g: 1, b: 1, a: 1}
  - {r: 1, g: 1, b: 1, a: 1}
  - {r: 1, g: 1, b: 1, a: 1}
  - {r: 1, g: 1, b: 1, a: 1}
  - {r: 1, g: 1, b: 1, a: 1}
  - {r: 1, g: 1, b: 1, a: 1}
  - {r: 1, g: 1, b: 1, a: 1}
  - {r: 1, g: 1, b: 1, a: 1}
  - {r: 1, g: 1, b: 1, a: 1}
  - {r: 1, g: 1, b: 1, a: 1}
  - {r: 1, g: 1, b: 1, a: 1}
  - {r: 1, g: 1, b: 1, a: 1}
  - {r: 1, g: 1, b: 1, a: 1}
  - {r: 1, g: 1, b: 1, a: 1}
  - {r: 1, g: 1, b: 1, a: 1}
  - {r: 1, g: 1, b: 1, a: 1}
  - {r: 1, g: 1, b: 1, a: 1}
  - {r: 1, g: 1, b: 1, a: 1}
  - {r: 1, g: 1, b: 1, a: 1}
  - {r: 1, g: 1, b: 1, a: 1}
  - {r: 1, g: 1, b: 1, a: 1}
  - {r: 1, g: 1, b: 1, a: 1}
  userCollisions: 0
  isSelectable: 1
  unwrapParameters:
    hardAngle: 88
    packMargin: 4
    angleError: 8
    areaError: 15
  dontDestroyMeshOnDelete: 0
  m_selectedFaces: 
  m_SelectedEdges: []
  m_selectedTriangles: 
--- !u!64 &274667176
MeshCollider:
  m_ObjectHideFlags: 0
  m_CorrespondingSourceObject: {fileID: 0}
  m_PrefabInstance: {fileID: 0}
  m_PrefabAsset: {fileID: 0}
  m_GameObject: {fileID: 274667174}
  m_Material: {fileID: 13400000, guid: cef6c32f80baf794d9ed89bd48890f69, type: 2}
  m_IsTrigger: 0
  m_Enabled: 1
  serializedVersion: 3
  m_Convex: 0
  m_CookingOptions: 14
  m_Mesh: {fileID: 0}
--- !u!114 &274667175
MonoBehaviour:
  m_ObjectHideFlags: 0
  m_CorrespondingSourceObject: {fileID: 0}
  m_PrefabInstance: {fileID: 0}
  m_PrefabAsset: {fileID: 0}
  m_GameObject: {fileID: 274667174}
  m_Enabled: 1
  m_EditorHideFlags: 0
  m_Script: {fileID: -142605913, guid: 4f0627da958b4bb78c260446066f065f, type: 3}
  m_Name: 
  m_EditorClassIdentifier: 
  manageVisibility: 1
--- !u!114 &3700327224216898640
MonoBehaviour:
  m_ObjectHideFlags: 0
  m_CorrespondingSourceObject: {fileID: 0}
  m_PrefabInstance: {fileID: 0}
  m_PrefabAsset: {fileID: 0}
  m_GameObject: {fileID: 274667174}
  m_Enabled: 1
  m_EditorHideFlags: 0
  m_Script: {fileID: 11500000, guid: c6e458a25b435dd4086faf6dce3b39e6, type: 3}
  m_Name: 
  m_EditorClassIdentifier: 
  m_SurfaceType: {fileID: 11400000, guid: e616b14f5d2d0cf42bb5b4360f2b2089, type: 2}
  m_AllowDecals: 1
--- !u!1 &1410486601487314
GameObject:
  m_ObjectHideFlags: 0
  m_CorrespondingSourceObject: {fileID: 0}
  m_PrefabInstance: {fileID: 0}
  m_PrefabAsset: {fileID: 0}
  serializedVersion: 6
  m_Component:
  - component: {fileID: 4716679046167412}
  - component: {fileID: 33192428045630546}
  - component: {fileID: 23666616755262208}
  m_Layer: 0
  m_Name: BASML_Base_Room_Entry
  m_TagString: Untagged
  m_Icon: {fileID: 0}
  m_NavMeshLayer: 0
  m_StaticEditorFlags: 4294967295
  m_IsActive: 1
--- !u!4 &4716679046167412
Transform:
  m_ObjectHideFlags: 0
  m_CorrespondingSourceObject: {fileID: 0}
  m_PrefabInstance: {fileID: 0}
  m_PrefabAsset: {fileID: 0}
  m_GameObject: {fileID: 1410486601487314}
  m_LocalRotation: {x: 0, y: 0, z: 0, w: 1}
  m_LocalPosition: {x: 0, y: 0, z: 0}
  m_LocalScale: {x: 1, y: 1, z: 1}
  m_Children:
  - {fileID: 274667180}
  m_Father: {fileID: 0}
  m_RootOrder: 0
  m_LocalEulerAnglesHint: {x: 0, y: 0, z: 0}
--- !u!33 &33192428045630546
MeshFilter:
  m_ObjectHideFlags: 0
  m_CorrespondingSourceObject: {fileID: 0}
  m_PrefabInstance: {fileID: 0}
  m_PrefabAsset: {fileID: 0}
  m_GameObject: {fileID: 1410486601487314}
  m_Mesh: {fileID: 4300002, guid: 118ca9c93dbcd6c409333c9cf4cba5aa, type: 3}
--- !u!23 &23666616755262208
MeshRenderer:
  m_ObjectHideFlags: 0
  m_CorrespondingSourceObject: {fileID: 0}
  m_PrefabInstance: {fileID: 0}
  m_PrefabAsset: {fileID: 0}
  m_GameObject: {fileID: 1410486601487314}
  m_Enabled: 1
  m_CastShadows: 1
  m_ReceiveShadows: 1
  m_DynamicOccludee: 1
  m_MotionVectors: 1
  m_LightProbeUsage: 1
  m_ReflectionProbeUsage: 1
  m_RenderingLayerMask: 4294967295
  m_RendererPriority: 0
  m_Materials:
  - {fileID: 2100000, guid: a148d43288106354e92e57d7435a55d0, type: 2}
  m_StaticBatchInfo:
    firstSubMesh: 0
    subMeshCount: 0
  m_StaticBatchRoot: {fileID: 0}
  m_ProbeAnchor: {fileID: 0}
  m_LightProbeVolumeOverride: {fileID: 0}
  m_ScaleInLightmap: 1
  m_PreserveUVs: 0
  m_IgnoreNormalsForChartDetection: 0
  m_ImportantGI: 0
  m_StitchLightmapSeams: 0
  m_SelectedEditorRenderState: 3
  m_MinimumChartSize: 4
  m_AutoUVMaxDistance: 0.5
  m_AutoUVMaxAngle: 89
  m_LightmapParameters: {fileID: 0}
  m_SortingLayerID: 0
  m_SortingLayer: 0
  m_SortingOrder: 0
