%YAML 1.1
%TAG !u! tag:unity3d.com,2011:
--- !u!1 &1839146818
GameObject:
  m_ObjectHideFlags: 0
  m_CorrespondingSourceObject: {fileID: 0}
  m_PrefabInstance: {fileID: 0}
  m_PrefabAsset: {fileID: 0}
  serializedVersion: 6
  m_Component:
  - component: {fileID: 1839146819}
  - component: {fileID: 1839146825}
  - component: {fileID: 1839146824}
  - component: {fileID: 1839146823}
  - component: {fileID: 1839146822}
  - component: {fileID: 1839146821}
  - component: {fileID: 1839146820}
  m_Layer: 0
  m_Name: Collider Pipes
  m_TagString: Untagged
  m_Icon: {fileID: 0}
  m_NavMeshLayer: 0
  m_StaticEditorFlags: 127
  m_IsActive: 1
--- !u!4 &1839146819
Transform:
  m_ObjectHideFlags: 0
  m_CorrespondingSourceObject: {fileID: 0}
  m_PrefabInstance: {fileID: 0}
  m_PrefabAsset: {fileID: 0}
  m_GameObject: {fileID: 1839146818}
  m_LocalRotation: {x: -0, y: -0, z: -0, w: 1}
  m_LocalPosition: {x: 2.743, y: -1.4530001, z: 2.416294}
  m_LocalScale: {x: 1, y: 1, z: 1}
  m_Children: []
  m_Father: {fileID: 4137419061977504}
  m_RootOrder: 1
  m_LocalEulerAnglesHint: {x: 0, y: 0, z: 0}
--- !u!23 &1839146825
MeshRenderer:
  m_ObjectHideFlags: 0
  m_CorrespondingSourceObject: {fileID: 0}
  m_PrefabInstance: {fileID: 0}
  m_PrefabAsset: {fileID: 0}
  m_GameObject: {fileID: 1839146818}
  m_Enabled: 0
  m_CastShadows: 2
  m_ReceiveShadows: 1
  m_DynamicOccludee: 1
  m_MotionVectors: 1
  m_LightProbeUsage: 1
  m_ReflectionProbeUsage: 1
  m_RenderingLayerMask: 1
  m_RendererPriority: 0
  m_Materials:
  - {fileID: 2100000, guid: ec0aa376067f4c6fa4b637e3cd479088, type: 2}
  m_StaticBatchInfo:
    firstSubMesh: 0
    subMeshCount: 0
  m_StaticBatchRoot: {fileID: 0}
  m_ProbeAnchor: {fileID: 0}
  m_LightProbeVolumeOverride: {fileID: 0}
  m_ScaleInLightmap: 1
  m_PreserveUVs: 0
  m_IgnoreNormalsForChartDetection: 0
  m_ImportantGI: 0
  m_StitchLightmapSeams: 0
  m_SelectedEditorRenderState: 2
  m_MinimumChartSize: 4
  m_AutoUVMaxDistance: 0.5
  m_AutoUVMaxAngle: 89
  m_LightmapParameters: {fileID: 0}
  m_SortingLayerID: 0
  m_SortingLayer: 0
  m_SortingOrder: 0
--- !u!33 &1839146824
MeshFilter:
  m_ObjectHideFlags: 0
  m_CorrespondingSourceObject: {fileID: 0}
  m_PrefabInstance: {fileID: 0}
  m_PrefabAsset: {fileID: 0}
  m_GameObject: {fileID: 1839146818}
  m_Mesh: {fileID: 0}
--- !u!114 &1839146823
MonoBehaviour:
  m_ObjectHideFlags: 0
  m_CorrespondingSourceObject: {fileID: 0}
  m_PrefabInstance: {fileID: 0}
  m_PrefabAsset: {fileID: 0}
  m_GameObject: {fileID: 1839146818}
  m_Enabled: 1
  m_EditorHideFlags: 0
  m_Script: {fileID: 232430130, guid: 4f0627da958b4bb78c260446066f065f, type: 3}
  m_Name: 
  m_EditorClassIdentifier: 
  _quads:
  - _indices: 040000000300000002000000040000000500000003000000050000000000000003000000050000000100000000000000070000000200000006000000070000000400000002000000
    _distinctIndices: 0400000003000000020000000500000000000000010000000700000006000000
    _edges:
    - x: 3
      y: 2
    - x: 4
      y: 5
    - x: 0
      y: 3
    - x: 5
      y: 1
    - x: 1
      y: 0
    - x: 2
      y: 6
    - x: 6
      y: 7
    - x: 7
      y: 4
    _smoothingGroup: 0
    _uv:
      useWorldSpace: 0
      flipU: 0
      flipV: 0
      swapUV: 0
      fill: 1
      scale: {x: 1, y: 1}
      offset: {x: 0, y: 0}
      rotation: 0
      justify: 0
      localPivot: {x: -2.7613077, y: -1.4590528}
      localSize: {x: 0, y: 0}
      anchor: 9
    _mat: {fileID: 2100000, guid: ec0aa376067f4c6fa4b637e3cd479088, type: 2}
    manualUV: 0
    textureGroup: -1
  _sharedIndices:
  - array: 03000000
  - array: 00000000
  - array: 02000000
  - array: 06000000
  - array: 01000000
  - array: 05000000
  - array: 07000000
  - array: 04000000
  _vertices:
  - {x: 3.257, y: -1.5, z: -2.1705499}
  - {x: 3.2569997, y: -1.6417513, z: -0.66809404}
  - {x: -8.1716, y: -1.8016489, z: -2.1680942}
  - {x: 2.757, y: -1.5, z: -2.1582217}
  - {x: -8.190831, y: -1.5894861, z: -0.66110396}
  - {x: 2.7536433, y: -1.6723499, z: -0.6720499}
  - {x: -8.743, y: -1.835342, z: -2.1804223}
  - {x: -8.743, y: -1.594202, z: -0.66809404}
  _uv:
  - {x: 3.2401822, y: -2.2066524}
  - {x: 3.2386117, y: -0.7080149}
  - {x: -8.191059, y: -2.2083817}
  - {x: 2.740213, y: -2.1941953}
  - {x: -8.207938, y: -0.6967451}
  - {x: 2.734947, y: -0.7125678}
  - {x: -8.762797, y: -2.2213604}
  - {x: -8.760125, y: -0.70369965}
  _uv3:
  - {x: 0, y: 0, z: 0, w: 0}
  - {x: 0, y: 0, z: 0, w: 0}
  - {x: 0, y: 0, z: 0, w: 0}
  - {x: 0, y: 0, z: 0, w: 0}
  - {x: 0, y: 0, z: 0, w: 0}
  - {x: 0, y: 0, z: 0, w: 0}
  - {x: 0, y: 0, z: 0, w: 0}
  - {x: 0, y: 0, z: 0, w: 0}
  - {x: 0, y: 0, z: 0, w: 0}
  - {x: 0, y: 0, z: 0, w: 0}
  - {x: 0, y: 0, z: 0, w: 0}
  - {x: 0, y: 0, z: 0, w: 0}
  - {x: 0, y: 0, z: 0, w: 0}
  - {x: 0, y: 0, z: 0, w: 0}
  - {x: 0, y: 0, z: 0, w: 0}
  - {x: 0, y: 0, z: 0, w: 0}
  - {x: 0, y: 0, z: 0, w: 0}
  - {x: 0, y: 0, z: 0, w: 0}
  - {x: 0, y: 0, z: 0, w: 0}
  - {x: 0, y: 0, z: 0, w: 0}
  - {x: 0, y: 0, z: 0, w: 0}
  - {x: 0, y: 0, z: 0, w: 0}
  - {x: 0, y: 0, z: 0, w: 0}
  - {x: 0, y: 0, z: 0, w: 0}
  - {x: 0, y: 0, z: 0, w: 0}
  - {x: 0, y: 0, z: 0, w: 0}
  - {x: 0, y: 0, z: 0, w: 0}
  - {x: 0, y: 0, z: 0, w: 0}
  - {x: 0, y: 0, z: 0, w: 0}
  - {x: 0, y: 0, z: 0, w: 0}
  - {x: 0, y: 0, z: 0, w: 0}
  - {x: 0, y: 0, z: 0, w: 0}
  - {x: 0, y: 0, z: 0, w: 0}
  - {x: 0, y: 0, z: 0, w: 0}
  - {x: 0, y: 0, z: 0, w: 0}
  - {x: 0, y: 0, z: 0, w: 0}
  - {x: 0, y: 0, z: 0, w: 0}
  - {x: 0, y: 0, z: 0, w: 0}
  - {x: 0, y: 0, z: 0, w: 0}
  - {x: 0, y: 0, z: 0, w: 0}
  - {x: 0, y: 0, z: 0, w: 0}
  - {x: 0, y: 0, z: 0, w: 0}
  - {x: 0, y: 0, z: 0, w: 0}
  - {x: 0, y: 0, z: 0, w: 0}
  - {x: 0, y: 0, z: 0, w: 0}
  - {x: 0, y: 0, z: 0, w: 0}
  - {x: 0, y: 0, z: 0, w: 0}
  - {x: 0, y: 0, z: 0, w: 0}
  - {x: 0, y: 0, z: 0, w: 0}
  - {x: 0, y: 0, z: 0, w: 0}
  - {x: 0, y: 0, z: 0, w: 0}
  - {x: 0, y: 0, z: 0, w: 0}
  - {x: 0, y: 0, z: 0, w: 0}
  - {x: 0, y: 0, z: 0, w: 0}
  - {x: 0, y: 0, z: 0, w: 0}
  - {x: 0, y: 0, z: 0, w: 0}
  - {x: 0, y: 0, z: 0, w: 0}
  - {x: 0, y: 0, z: 0, w: 0}
  - {x: 0, y: 0, z: 0, w: 0}
  - {x: 0, y: 0, z: 0, w: 0}
  - {x: 0, y: 0, z: 0, w: 0}
  - {x: 0, y: 0, z: 0, w: 0}
  - {x: 0, y: 0, z: 0, w: 0}
  - {x: 0, y: 0, z: 0, w: 0}
  - {x: 0, y: 0, z: 0, w: 0}
  - {x: 0, y: 0, z: 0, w: 0}
  - {x: 0, y: 0, z: 0, w: 0}
  - {x: 0, y: 0, z: 0, w: 0}
  - {x: 0, y: 0, z: 0, w: 0}
  - {x: 0, y: 0, z: 0, w: 0}
  - {x: 0, y: 0, z: 0, w: 0}
  - {x: 0, y: 0, z: 0, w: 0}
  - {x: 0, y: 0, z: 0, w: 0}
  - {x: 0, y: 0, z: 0, w: 0}
  - {x: 0, y: 0, z: 0, w: 0}
  - {x: 0, y: 0, z: 0, w: 0}
  - {x: 0, y: 0, z: 0, w: 0}
  - {x: 0, y: 0, z: 0, w: 0}
  - {x: 0, y: 0, z: 0, w: 0}
  - {x: 0, y: 0, z: 0, w: 0}
  - {x: 0, y: 0, z: 0, w: 0}
  - {x: 0, y: 0, z: 0, w: 0}
  - {x: 0, y: 0, z: 0, w: 0}
  - {x: 0, y: 0, z: 0, w: 0}
  - {x: 0, y: 0, z: 0, w: 0}
  - {x: 0, y: 0, z: 0, w: 0}
  - {x: 0, y: 0, z: 0, w: 0}
  - {x: 0, y: 0, z: 0, w: 0}
  - {x: 0, y: 0, z: 0, w: 0}
  _uv4:
  - {x: 0, y: 0, z: 0, w: 0}
  - {x: 0, y: 0, z: 0, w: 0}
  - {x: 0, y: 0, z: 0, w: 0}
  - {x: 0, y: 0, z: 0, w: 0}
  - {x: 0, y: 0, z: 0, w: 0}
  - {x: 0, y: 0, z: 0, w: 0}
  - {x: 0, y: 0, z: 0, w: 0}
  - {x: 0, y: 0, z: 0, w: 0}
  - {x: 0, y: 0, z: 0, w: 0}
  - {x: 0, y: 0, z: 0, w: 0}
  - {x: 0, y: 0, z: 0, w: 0}
  - {x: 0, y: 0, z: 0, w: 0}
  - {x: 0, y: 0, z: 0, w: 0}
  - {x: 0, y: 0, z: 0, w: 0}
  - {x: 0, y: 0, z: 0, w: 0}
  - {x: 0, y: 0, z: 0, w: 0}
  - {x: 0, y: 0, z: 0, w: 0}
  - {x: 0, y: 0, z: 0, w: 0}
  - {x: 0, y: 0, z: 0, w: 0}
  - {x: 0, y: 0, z: 0, w: 0}
  - {x: 0, y: 0, z: 0, w: 0}
  - {x: 0, y: 0, z: 0, w: 0}
  - {x: 0, y: 0, z: 0, w: 0}
  - {x: 0, y: 0, z: 0, w: 0}
  - {x: 0, y: 0, z: 0, w: 0}
  - {x: 0, y: 0, z: 0, w: 0}
  - {x: 0, y: 0, z: 0, w: 0}
  - {x: 0, y: 0, z: 0, w: 0}
  - {x: 0, y: 0, z: 0, w: 0}
  - {x: 0, y: 0, z: 0, w: 0}
  - {x: 0, y: 0, z: 0, w: 0}
  - {x: 0, y: 0, z: 0, w: 0}
  - {x: 0, y: 0, z: 0, w: 0}
  - {x: 0, y: 0, z: 0, w: 0}
  - {x: 0, y: 0, z: 0, w: 0}
  - {x: 0, y: 0, z: 0, w: 0}
  - {x: 0, y: 0, z: 0, w: 0}
  - {x: 0, y: 0, z: 0, w: 0}
  - {x: 0, y: 0, z: 0, w: 0}
  - {x: 0, y: 0, z: 0, w: 0}
  - {x: 0, y: 0, z: 0, w: 0}
  - {x: 0, y: 0, z: 0, w: 0}
  - {x: 0, y: 0, z: 0, w: 0}
  - {x: 0, y: 0, z: 0, w: 0}
  - {x: 0, y: 0, z: 0, w: 0}
  - {x: 0, y: 0, z: 0, w: 0}
  - {x: 0, y: 0, z: 0, w: 0}
  - {x: 0, y: 0, z: 0, w: 0}
  - {x: 0, y: 0, z: 0, w: 0}
  - {x: 0, y: 0, z: 0, w: 0}
  - {x: 0, y: 0, z: 0, w: 0}
  - {x: 0, y: 0, z: 0, w: 0}
  - {x: 0, y: 0, z: 0, w: 0}
  - {x: 0, y: 0, z: 0, w: 0}
  - {x: 0, y: 0, z: 0, w: 0}
  - {x: 0, y: 0, z: 0, w: 0}
  - {x: 0, y: 0, z: 0, w: 0}
  - {x: 0, y: 0, z: 0, w: 0}
  - {x: 0, y: 0, z: 0, w: 0}
  - {x: 0, y: 0, z: 0, w: 0}
  - {x: 0, y: 0, z: 0, w: 0}
  - {x: 0, y: 0, z: 0, w: 0}
  - {x: 0, y: 0, z: 0, w: 0}
  - {x: 0, y: 0, z: 0, w: 0}
  - {x: 0, y: 0, z: 0, w: 0}
  - {x: 0, y: 0, z: 0, w: 0}
  - {x: 0, y: 0, z: 0, w: 0}
  - {x: 0, y: 0, z: 0, w: 0}
  - {x: 0, y: 0, z: 0, w: 0}
  - {x: 0, y: 0, z: 0, w: 0}
  - {x: 0, y: 0, z: 0, w: 0}
  - {x: 0, y: 0, z: 0, w: 0}
  - {x: 0, y: 0, z: 0, w: 0}
  - {x: 0, y: 0, z: 0, w: 0}
  - {x: 0, y: 0, z: 0, w: 0}
  - {x: 0, y: 0, z: 0, w: 0}
  - {x: 0, y: 0, z: 0, w: 0}
  - {x: 0, y: 0, z: 0, w: 0}
  - {x: 0, y: 0, z: 0, w: 0}
  - {x: 0, y: 0, z: 0, w: 0}
  - {x: 0, y: 0, z: 0, w: 0}
  - {x: 0, y: 0, z: 0, w: 0}
  - {x: 0, y: 0, z: 0, w: 0}
  - {x: 0, y: 0, z: 0, w: 0}
  - {x: 0, y: 0, z: 0, w: 0}
  - {x: 0, y: 0, z: 0, w: 0}
  - {x: 0, y: 0, z: 0, w: 0}
  - {x: 0, y: 0, z: 0, w: 0}
  - {x: 0, y: 0, z: 0, w: 0}
  _tangents: []
  _sharedIndicesUV: []
  _colors:
  - {r: 1, g: 1, b: 1, a: 1}
  - {r: 1, g: 1, b: 1, a: 1}
  - {r: 1, g: 1, b: 1, a: 1}
  - {r: 1, g: 1, b: 1, a: 1}
  - {r: 1, g: 1, b: 1, a: 1}
  - {r: 1, g: 1, b: 1, a: 1}
  - {r: 1, g: 1, b: 1, a: 1}
  - {r: 1, g: 1, b: 1, a: 1}
  userCollisions: 0
  isSelectable: 1
  unwrapParameters:
    hardAngle: 88
    packMargin: 4
    angleError: 8
    areaError: 15
  dontDestroyMeshOnDelete: 0
  m_selectedFaces: 
  m_SelectedEdges: []
  m_selectedTriangles: 
--- !u!64 &1839146822
MeshCollider:
  m_ObjectHideFlags: 0
  m_CorrespondingSourceObject: {fileID: 0}
  m_PrefabInstance: {fileID: 0}
  m_PrefabAsset: {fileID: 0}
  m_GameObject: {fileID: 1839146818}
  m_Material: {fileID: 13400000, guid: cef6c32f80baf794d9ed89bd48890f69, type: 2}
  m_IsTrigger: 0
  m_Enabled: 1
  serializedVersion: 3
  m_Convex: 0
  m_CookingOptions: 14
  m_Mesh: {fileID: 0}
--- !u!114 &1839146821
MonoBehaviour:
  m_ObjectHideFlags: 0
  m_CorrespondingSourceObject: {fileID: 0}
  m_PrefabInstance: {fileID: 0}
  m_PrefabAsset: {fileID: 0}
  m_GameObject: {fileID: 1839146818}
  m_Enabled: 1
  m_EditorHideFlags: 0
  m_Script: {fileID: -142605913, guid: 4f0627da958b4bb78c260446066f065f, type: 3}
  m_Name: 
  m_EditorClassIdentifier: 
  manageVisibility: 1
--- !u!114 &1839146820
MonoBehaviour:
  m_ObjectHideFlags: 0
  m_CorrespondingSourceObject: {fileID: 0}
  m_PrefabInstance: {fileID: 0}
  m_PrefabAsset: {fileID: 0}
  m_GameObject: {fileID: 1839146818}
  m_Enabled: 1
  m_EditorHideFlags: 0
  m_Script: {fileID: 11500000, guid: c6e458a25b435dd4086faf6dce3b39e6, type: 3}
  m_Name: 
  m_EditorClassIdentifier: 
  m_SurfaceType: {fileID: 11400000, guid: af1b1502703cd024aa8610073980d688, type: 2}
  m_AllowDecals: 0
--- !u!1 &1222343919086742
GameObject:
  m_ObjectHideFlags: 0
  m_CorrespondingSourceObject: {fileID: 0}
  m_PrefabInstance: {fileID: 0}
  m_PrefabAsset: {fileID: 0}
  serializedVersion: 6
  m_Component:
  - component: {fileID: 4137419061977504}
  - component: {fileID: 33967865676602126}
  - component: {fileID: 23011797360873322}
  m_Layer: 0
  m_Name: BASML_Base_Canal_Elevation_Right
  m_TagString: Untagged
  m_Icon: {fileID: 0}
  m_NavMeshLayer: 0
  m_StaticEditorFlags: 4294967295
  m_IsActive: 1
--- !u!4 &4137419061977504
Transform:
  m_ObjectHideFlags: 0
  m_CorrespondingSourceObject: {fileID: 0}
  m_PrefabInstance: {fileID: 0}
  m_PrefabAsset: {fileID: 0}
  m_GameObject: {fileID: 1222343919086742}
  m_LocalRotation: {x: 0, y: 0, z: 0, w: 1}
  m_LocalPosition: {x: 0, y: 0, z: 0}
  m_LocalScale: {x: 1, y: 1, z: 1}
  m_Children:
  - {fileID: 5071488406078954391}
  - {fileID: 1839146819}
  m_Father: {fileID: 0}
  m_RootOrder: 0
  m_LocalEulerAnglesHint: {x: 0, y: 0, z: 0}
--- !u!33 &33967865676602126
MeshFilter:
  m_ObjectHideFlags: 0
  m_CorrespondingSourceObject: {fileID: 0}
  m_PrefabInstance: {fileID: 0}
  m_PrefabAsset: {fileID: 0}
  m_GameObject: {fileID: 1222343919086742}
  m_Mesh: {fileID: 4300076, guid: 0864f8fad669aab47ad2b5bb7138d9ce, type: 3}
--- !u!23 &23011797360873322
MeshRenderer:
  m_ObjectHideFlags: 0
  m_CorrespondingSourceObject: {fileID: 0}
  m_PrefabInstance: {fileID: 0}
  m_PrefabAsset: {fileID: 0}
  m_GameObject: {fileID: 1222343919086742}
  m_Enabled: 1
  m_CastShadows: 1
  m_ReceiveShadows: 1
  m_DynamicOccludee: 1
  m_MotionVectors: 1
  m_LightProbeUsage: 1
  m_ReflectionProbeUsage: 1
  m_RenderingLayerMask: 4294967295
  m_RendererPriority: 0
  m_Materials:
  - {fileID: 2100000, guid: a148d43288106354e92e57d7435a55d0, type: 2}
  m_StaticBatchInfo:
    firstSubMesh: 0
    subMeshCount: 0
  m_StaticBatchRoot: {fileID: 0}
  m_ProbeAnchor: {fileID: 0}
  m_LightProbeVolumeOverride: {fileID: 0}
  m_ScaleInLightmap: 1
  m_PreserveUVs: 0
  m_IgnoreNormalsForChartDetection: 0
  m_ImportantGI: 0
  m_StitchLightmapSeams: 0
  m_SelectedEditorRenderState: 3
  m_MinimumChartSize: 4
  m_AutoUVMaxDistance: 0.5
  m_AutoUVMaxAngle: 89
  m_LightmapParameters: {fileID: 0}
  m_SortingLayerID: 0
  m_SortingLayer: 0
  m_SortingOrder: 0
--- !u!1 &3339950902125588588
GameObject:
  m_ObjectHideFlags: 0
  m_CorrespondingSourceObject: {fileID: 0}
  m_PrefabInstance: {fileID: 0}
  m_PrefabAsset: {fileID: 0}
  serializedVersion: 6
  m_Component:
  - component: {fileID: 5071488406078954391}
  - component: {fileID: 4574697596468654890}
  - component: {fileID: 2498920374377271478}
  - component: {fileID: 8043653543024833338}
  - component: {fileID: 952751763319230559}
  - component: {fileID: 8486254742702630478}
  - component: {fileID: 2885970635772639734}
  m_Layer: 0
  m_Name: Collider Stone
  m_TagString: Untagged
  m_Icon: {fileID: 0}
  m_NavMeshLayer: 0
  m_StaticEditorFlags: 127
  m_IsActive: 1
--- !u!4 &5071488406078954391
Transform:
  m_ObjectHideFlags: 0
  m_CorrespondingSourceObject: {fileID: 0}
  m_PrefabInstance: {fileID: 0}
  m_PrefabAsset: {fileID: 0}
  m_GameObject: {fileID: 3339950902125588588}
  m_LocalRotation: {x: -0, y: -0, z: -0, w: 1}
  m_LocalPosition: {x: 2.743, y: -1.4530001, z: 2.416294}
  m_LocalScale: {x: 1, y: 1, z: 1}
  m_Children: []
  m_Father: {fileID: 4137419061977504}
  m_RootOrder: 0
  m_LocalEulerAnglesHint: {x: 0, y: 0, z: 0}
--- !u!23 &4574697596468654890
MeshRenderer:
  m_ObjectHideFlags: 0
  m_CorrespondingSourceObject: {fileID: 0}
  m_PrefabInstance: {fileID: 0}
  m_PrefabAsset: {fileID: 0}
  m_GameObject: {fileID: 3339950902125588588}
  m_Enabled: 0
  m_CastShadows: 2
  m_ReceiveShadows: 1
  m_DynamicOccludee: 1
  m_MotionVectors: 1
  m_LightProbeUsage: 1
  m_ReflectionProbeUsage: 1
  m_RenderingLayerMask: 1
  m_RendererPriority: 0
  m_Materials:
  - {fileID: 2100000, guid: ec0aa376067f4c6fa4b637e3cd479088, type: 2}
  m_StaticBatchInfo:
    firstSubMesh: 0
    subMeshCount: 0
  m_StaticBatchRoot: {fileID: 0}
  m_ProbeAnchor: {fileID: 0}
  m_LightProbeVolumeOverride: {fileID: 0}
  m_ScaleInLightmap: 1
  m_PreserveUVs: 0
  m_IgnoreNormalsForChartDetection: 0
  m_ImportantGI: 0
  m_StitchLightmapSeams: 0
  m_SelectedEditorRenderState: 2
  m_MinimumChartSize: 4
  m_AutoUVMaxDistance: 0.5
  m_AutoUVMaxAngle: 89
  m_LightmapParameters: {fileID: 0}
  m_SortingLayerID: 0
  m_SortingLayer: 0
  m_SortingOrder: 0
--- !u!33 &2498920374377271478
MeshFilter:
  m_ObjectHideFlags: 0
  m_CorrespondingSourceObject: {fileID: 0}
  m_PrefabInstance: {fileID: 0}
  m_PrefabAsset: {fileID: 0}
  m_GameObject: {fileID: 3339950902125588588}
  m_Mesh: {fileID: 0}
--- !u!114 &8043653543024833338
MonoBehaviour:
  m_ObjectHideFlags: 0
  m_CorrespondingSourceObject: {fileID: 0}
  m_PrefabInstance: {fileID: 0}
  m_PrefabAsset: {fileID: 0}
  m_GameObject: {fileID: 3339950902125588588}
  m_Enabled: 1
  m_EditorHideFlags: 0
  m_Script: {fileID: 232430130, guid: 4f0627da958b4bb78c260446066f065f, type: 3}
  m_Name: 
  m_EditorClassIdentifier: 
  _quads:
  - _indices: 020000000300000001000000020000000100000000000000
    _distinctIndices: 02000000030000000100000000000000
    _edges:
    - x: 2
      y: 3
    - x: 3
      y: 1
    - x: 1
      y: 0
    - x: 0
      y: 2
    _smoothingGroup: 0
    _uv:
      useWorldSpace: 0
      flipU: 0
      flipV: 0
      swapUV: 0
      fill: 1
      scale: {x: 1, y: 1}
      offset: {x: 0, y: 0}
      rotation: 0
      justify: 0
      localPivot: {x: 2.743, y: -2.404045}
      localSize: {x: 0, y: 0}
      anchor: 9
    _mat: {fileID: 2100000, guid: ec0aa376067f4c6fa4b637e3cd479088, type: 2}
    manualUV: 0
    textureGroup: -1
  - _indices: 060000000500000004000000060000000700000005000000
    _distinctIndices: 06000000050000000400000007000000
    _edges:
    - x: 5
      y: 4
    - x: 4
      y: 6
    - x: 6
      y: 7
    - x: 7
      y: 5
    _smoothingGroup: 0
    _uv:
      useWorldSpace: 0
      flipU: 0
      flipV: 0
      swapUV: 0
      fill: 1
      scale: {x: 1, y: 1}
      offset: {x: 0, y: 0}
      rotation: 0
      justify: 0
      localPivot: {x: 2.743, y: 5.75}
      localSize: {x: 0, y: 0}
      anchor: 9
    _mat: {fileID: 2100000, guid: ec0aa376067f4c6fa4b637e3cd479088, type: 2}
    manualUV: 0
    textureGroup: -1
  - _indices: 0a0000000b000000080000000a0000000800000009000000
    _distinctIndices: 0a0000000b0000000800000009000000
    _edges:
    - x: 10
      y: 11
    - x: 11
      y: 8
    - x: 8
      y: 9
    - x: 9
      y: 10
    _smoothingGroup: 0
    _uv:
      useWorldSpace: 0
      flipU: 0
      flipV: 0
      swapUV: 0
      fill: 1
      scale: {x: 1, y: 1}
      offset: {x: 0, y: 0}
      rotation: 0
      justify: 0
      localPivot: {x: -2.5190187, y: -3.1473222}
      localSize: {x: 0, y: 0}
      anchor: 9
    _mat: {fileID: 2100000, guid: ec0aa376067f4c6fa4b637e3cd479088, type: 2}
    manualUV: 0
    textureGroup: 1
  - _indices: 0c0000000d0000000e0000000e000000110000000c0000000e0000000f000000110000000f0000001000000011000000
    _distinctIndices: 0c0000000d0000000e000000110000000f00000010000000
    _edges:
    - x: 12
      y: 13
    - x: 13
      y: 14
    - x: 17
      y: 12
    - x: 14
      y: 15
    - x: 15
      y: 16
    - x: 16
      y: 17
    _smoothingGroup: 0
    _uv:
      useWorldSpace: 0
      flipU: 0
      flipV: 0
      swapUV: 0
      fill: 1
      scale: {x: 1, y: 1}
      offset: {x: 0, y: 0}
      rotation: 0
      justify: 0
      localPivot: {x: 2.743099, y: 2.2605767}
      localSize: {x: 0, y: 0}
      anchor: 9
    _mat: {fileID: 2100000, guid: ec0aa376067f4c6fa4b637e3cd479088, type: 2}
    manualUV: 0
    textureGroup: -1
  - _indices: 130000001400000012000000140000001600000012000000150000001600000014000000
    _distinctIndices: 1300000014000000120000001600000015000000
    _edges:
    - x: 19
      y: 20
    - x: 18
      y: 19
    - x: 22
      y: 18
    - x: 21
      y: 22
    - x: 20
      y: 21
    _smoothingGroup: 0
    _uv:
      useWorldSpace: 0
      flipU: 0
      flipV: 0
      swapUV: 0
      fill: 1
      scale: {x: 1, y: 1}
      offset: {x: 0, y: 0}
      rotation: 0
      justify: 0
      localPivot: {x: -2.5190187, y: -3.1473222}
      localSize: {x: 0, y: 0}
      anchor: 9
    _mat: {fileID: 2100000, guid: ec0aa376067f4c6fa4b637e3cd479088, type: 2}
    manualUV: 0
    textureGroup: 1
  - _indices: 170000001a0000001b000000180000001a0000001700000018000000190000001a000000
    _distinctIndices: 170000001a0000001b0000001800000019000000
    _edges:
    - x: 26
      y: 27
    - x: 27
      y: 23
    - x: 23
      y: 24
    - x: 24
      y: 25
    - x: 25
      y: 26
    _smoothingGroup: 0
    _uv:
      useWorldSpace: 0
      flipU: 0
      flipV: 0
      swapUV: 0
      fill: 1
      scale: {x: 1, y: 1}
      offset: {x: 0, y: 0}
      rotation: 0
      justify: 0
      localPivot: {x: -2.5190187, y: -3.1473222}
      localSize: {x: 0, y: 0}
      anchor: 9
    _mat: {fileID: 2100000, guid: ec0aa376067f4c6fa4b637e3cd479088, type: 2}
    manualUV: 0
    textureGroup: 1
  - _indices: 1d0000001e0000001f0000001d0000001f000000200000001d000000210000001c000000210000001d00000020000000
    _distinctIndices: 1d0000001e0000001f00000020000000210000001c000000
    _edges:
    - x: 29
      y: 30
    - x: 30
      y: 31
    - x: 31
      y: 32
    - x: 33
      y: 28
    - x: 28
      y: 29
    - x: 32
      y: 33
    _smoothingGroup: 0
    _uv:
      useWorldSpace: 0
      flipU: 0
      flipV: 0
      swapUV: 0
      fill: 1
      scale: {x: 1, y: 1}
      offset: {x: 0, y: 0}
      rotation: 0
      justify: 0
      localPivot: {x: 2.7406182, y: 0.24707901}
      localSize: {x: 0, y: 0}
      anchor: 9
    _mat: {fileID: 2100000, guid: ec0aa376067f4c6fa4b637e3cd479088, type: 2}
    manualUV: 0
    textureGroup: 2
  - _indices: 240000002200000023000000240000002500000022000000220000002500000026000000
    _distinctIndices: 2400000022000000230000002500000026000000
    _edges:
    - x: 34
      y: 35
    - x: 35
      y: 36
    - x: 36
      y: 37
    - x: 37
      y: 38
    - x: 38
      y: 34
    _smoothingGroup: 0
    _uv:
      useWorldSpace: 0
      flipU: 0
      flipV: 0
      swapUV: 0
      fill: 1
      scale: {x: 1, y: 1}
      offset: {x: 0, y: 0}
      rotation: 0
      justify: 0
      localPivot: {x: 2.7406182, y: 0.24707901}
      localSize: {x: 0, y: 0}
      anchor: 9
    _mat: {fileID: 2100000, guid: ec0aa376067f4c6fa4b637e3cd479088, type: 2}
    manualUV: 0
    textureGroup: 2
  - _indices: 27000000280000002900000027000000290000002a000000
    _distinctIndices: 2700000028000000290000002a000000
    _edges:
    - x: 39
      y: 40
    - x: 40
      y: 41
    - x: 41
      y: 42
    - x: 42
      y: 39
    _smoothingGroup: 0
    _uv:
      useWorldSpace: 0
      flipU: 0
      flipV: 0
      swapUV: 0
      fill: 1
      scale: {x: 1, y: 1}
      offset: {x: 0, y: 0}
      rotation: 0
      justify: 0
      localPivot: {x: 8.51664, y: -1.8040535}
      localSize: {x: 0, y: 0}
      anchor: 9
    _mat: {fileID: 2100000, guid: ec0aa376067f4c6fa4b637e3cd479088, type: 2}
    manualUV: 0
    textureGroup: -1
  - _indices: 2b0000002c0000002f0000002f0000002c0000002d0000002f0000002d0000002e000000
    _distinctIndices: 2b0000002c0000002f0000002d0000002e000000
    _edges:
    - x: 43
      y: 44
    - x: 47
      y: 43
    - x: 44
      y: 45
    - x: 45
      y: 46
    - x: 46
      y: 47
    _smoothingGroup: 0
    _uv:
      useWorldSpace: 0
      flipU: 0
      flipV: 0
      swapUV: 0
      fill: 1
      scale: {x: 1, y: 1}
      offset: {x: 0, y: 0}
      rotation: 0
      justify: 0
      localPivot: {x: 2.7406182, y: 0.24707901}
      localSize: {x: 0, y: 0}
      anchor: 9
    _mat: {fileID: 2100000, guid: ec0aa376067f4c6fa4b637e3cd479088, type: 2}
    manualUV: 0
    textureGroup: 2
  - _indices: 320000003300000031000000310000003300000030000000300000003300000034000000
    _distinctIndices: 3200000033000000310000003000000034000000
    _edges:
    - x: 50
      y: 51
    - x: 49
      y: 50
    - x: 48
      y: 49
    - x: 51
      y: 52
    - x: 52
      y: 48
    _smoothingGroup: 0
    _uv:
      useWorldSpace: 0
      flipU: 0
      flipV: 0
      swapUV: 0
      fill: 1
      scale: {x: 1, y: 1}
      offset: {x: 0, y: 0}
      rotation: 0
      justify: 0
      localPivot: {x: 2.7085328, y: -0.21024936}
      localSize: {x: 0, y: 0}
      anchor: 9
    _mat: {fileID: 2100000, guid: ec0aa376067f4c6fa4b637e3cd479088, type: 2}
    manualUV: 0
    textureGroup: -1
  - _indices: 350000003600000037000000360000003800000037000000
    _distinctIndices: 35000000360000003700000038000000
    _edges:
    - x: 53
      y: 54
    - x: 55
      y: 53
    - x: 54
      y: 56
    - x: 56
      y: 55
    _smoothingGroup: 0
    _uv:
      useWorldSpace: 0
      flipU: 0
      flipV: 0
      swapUV: 0
      fill: 1
      scale: {x: 1, y: 1}
      offset: {x: 0, y: 0}
      rotation: 0
      justify: 0
      localPivot: {x: -2.7550569, y: -2.6315198}
      localSize: {x: 0, y: 0}
      anchor: 9
    _mat: {fileID: 2100000, guid: ec0aa376067f4c6fa4b637e3cd479088, type: 2}
    manualUV: 0
    textureGroup: -1
  - _indices: 390000003a0000003b0000003a0000003c0000003b000000
    _distinctIndices: 390000003a0000003b0000003c000000
    _edges:
    - x: 57
      y: 58
    - x: 59
      y: 57
    - x: 58
      y: 60
    - x: 60
      y: 59
    _smoothingGroup: 0
    _uv:
      useWorldSpace: 0
      flipU: 0
      flipV: 0
      swapUV: 0
      fill: 1
      scale: {x: 1, y: 1}
      offset: {x: 0, y: 0}
      rotation: 0
      justify: 0
      localPivot: {x: 8.450103, y: -2.4409056}
      localSize: {x: 0, y: 0}
      anchor: 9
    _mat: {fileID: 2100000, guid: ec0aa376067f4c6fa4b637e3cd479088, type: 2}
    manualUV: 0
    textureGroup: -1
  - _indices: 3d0000003e0000003f0000003e000000400000003f000000
    _distinctIndices: 3d0000003e0000003f00000040000000
    _edges:
    - x: 61
      y: 62
    - x: 63
      y: 61
    - x: 62
      y: 64
    - x: 64
      y: 63
    _smoothingGroup: 0
    _uv:
      useWorldSpace: 0
      flipU: 0
      flipV: 0
      swapUV: 0
      fill: 1
      scale: {x: 1, y: 1}
      offset: {x: 0, y: 0}
      rotation: 0
      justify: 0
      localPivot: {x: -2.3954892, y: -1.6750622}
      localSize: {x: 0, y: 0}
      anchor: 9
    _mat: {fileID: 2100000, guid: ec0aa376067f4c6fa4b637e3cd479088, type: 2}
    manualUV: 0
    textureGroup: -1
  - _indices: 410000004200000043000000420000004400000043000000
    _distinctIndices: 41000000420000004300000044000000
    _edges:
    - x: 65
      y: 66
    - x: 67
      y: 65
    - x: 66
      y: 68
    - x: 68
      y: 67
    _smoothingGroup: 0
    _uv:
      useWorldSpace: 0
      flipU: 0
      flipV: 0
      swapUV: 0
      fill: 1
      scale: {x: 1, y: 1}
      offset: {x: 0, y: 0}
      rotation: 0
      justify: 0
      localPivot: {x: 2.4039857, y: -0.051229298}
      localSize: {x: 0, y: 0}
      anchor: 9
    _mat: {fileID: 2100000, guid: ec0aa376067f4c6fa4b637e3cd479088, type: 2}
    manualUV: 0
    textureGroup: -1
  - _indices: 450000004600000047000000460000004800000047000000
    _distinctIndices: 45000000460000004700000048000000
    _edges:
    - x: 69
      y: 70
    - x: 71
      y: 69
    - x: 70
      y: 72
    - x: 72
      y: 71
    _smoothingGroup: 0
    _uv:
      useWorldSpace: 0
      flipU: 0
      flipV: 0
      swapUV: 0
      fill: 1
      scale: {x: 1, y: 1}
      offset: {x: 0, y: 0}
      rotation: 0
      justify: 0
      localPivot: {x: 2.6361418, y: -2.3923535}
      localSize: {x: 0, y: 0}
      anchor: 9
    _mat: {fileID: 2100000, guid: ec0aa376067f4c6fa4b637e3cd479088, type: 2}
    manualUV: 0
    textureGroup: -1
  - _indices: 490000004a0000004b0000004a0000004c0000004b000000
    _distinctIndices: 490000004a0000004b0000004c000000
    _edges:
    - x: 73
      y: 74
    - x: 75
      y: 73
    - x: 74
      y: 76
    - x: 76
      y: 75
    _smoothingGroup: 0
    _uv:
      useWorldSpace: 0
      flipU: 0
      flipV: 0
      swapUV: 0
      fill: 1
      scale: {x: 1, y: 1}
      offset: {x: 0, y: 0}
      rotation: 0
      justify: 0
      localPivot: {x: -8.552624, y: -2.5969667}
      localSize: {x: 0, y: 0}
      anchor: 9
    _mat: {fileID: 2100000, guid: ec0aa376067f4c6fa4b637e3cd479088, type: 2}
    manualUV: 0
    textureGroup: -1
  - _indices: 4d0000004e0000004f0000004e000000500000004f000000
    _distinctIndices: 4d0000004e0000004f00000050000000
    _edges:
    - x: 77
      y: 78
    - x: 79
      y: 77
    - x: 78
      y: 80
    - x: 80
      y: 79
    _smoothingGroup: 0
    _uv:
      useWorldSpace: 0
      flipU: 0
      flipV: 0
      swapUV: 0
      fill: 1
      scale: {x: 1, y: 1}
      offset: {x: 0, y: 0}
      rotation: 0
      justify: 0
      localPivot: {x: -2.5974705, y: -1.6960168}
      localSize: {x: 0, y: 0}
      anchor: 9
    _mat: {fileID: 2100000, guid: ec0aa376067f4c6fa4b637e3cd479088, type: 2}
    manualUV: 0
    textureGroup: -1
  _sharedIndices:
  - array: 0000000005000000
  - array: 0100000004000000
  - array: 020000000c000000
  - array: 0300000011000000
  - array: 06000000
  - array: 07000000
  - array: 080000001300000021000000
  - array: 0900000020000000
  - array: 0a00000010000000
  - array: 0b0000000f00000014000000
  - array: 0d00000018000000
  - array: 0e0000001500000017000000
  - array: 120000001c00000026000000
  - array: 160000001b00000022000000
  - array: 190000002e000000
  - array: 1a000000230000002d000000
  - array: 1d000000250000004200000045000000
  - array: 340000004400000047000000
  - array: 1e0000003600000041000000
  - array: 330000003800000043000000
  - array: 1f000000
  - array: 240000002c0000003d00000046000000
  - array: 300000003f00000048000000
  - array: 270000004b00000050000000
  - array: 2800000032000000370000004c000000
  - array: 29000000310000003b00000040000000
  - array: 2b000000390000003e000000
  - array: 2a0000003c0000004f000000
  - array: 2f0000003a0000004d000000
  - array: 350000004a000000
  - array: 490000004e000000
  _vertices:
  - {x: -8.743, y: 5.5, z: -0.65626323}
  - {x: 3.257, y: 5.5, z: -0.6562631}
  - {x: -8.743, y: 5.5, z: -4.151827}
  - {x: 3.257, y: 5.5, z: -4.151827}
  - {x: 3.257, y: 5.5, z: -0.6562631}
  - {x: -8.743, y: 5.5, z: -0.65626323}
  - {x: 3.257, y: 6, z: -0.65626323}
  - {x: -8.743, y: 6, z: -0.65626323}
  - {x: 2.6855998, y: 2, z: -2.1582217}
  - {x: 3.257, y: 2.015733, z: -2.1711435}
  - {x: 3.257, y: 2, z: -4.1368265}
  - {x: 2.6855998, y: 2.0014625, z: -4.150609}
  - {x: -8.743, y: 5.5, z: -4.151827}
  - {x: -8.743, y: -1, z: -4.151827}
  - {x: -8.144664, y: -0.9757652, z: -4.1187935}
  - {x: 2.6855998, y: 2.0014625, z: -4.150609}
  - {x: 3.257, y: 2, z: -4.1368265}
  - {x: 3.257, y: 5.5, z: -4.151827}
  - {x: 2.6628041, y: 2, z: -2.146895}
  - {x: 2.6855998, y: 2, z: -2.1582217}
  - {x: 2.6855998, y: 2.0014625, z: -4.150609}
  - {x: -8.144664, y: -0.9757652, z: -4.1187935}
  - {x: -8.116003, y: -0.9671259, z: -2.1567674}
  - {x: -8.144664, y: -0.9757652, z: -4.1187935}
  - {x: -8.743, y: -1, z: -4.151827}
  - {x: -8.743, y: -1, z: -2.154891}
  - {x: -8.1716, y: -1, z: -2.1435642}
  - {x: -8.116003, y: -0.9671259, z: -2.1567674}
  - {x: 2.6628041, y: 2, z: -2.146895}
  - {x: 2.709902, y: 1.4860792, z: -2.146895}
  - {x: 2.757, y: -1.5, z: -2.1582217}
  - {x: 3.257, y: -1.5, z: -2.1705499}
  - {x: 3.257, y: 2.015733, z: -2.1711435}
  - {x: 2.6855998, y: 2, z: -2.1582217}
  - {x: -8.116003, y: -0.9671259, z: -2.1567674}
  - {x: -8.1716, y: -1, z: -2.1435642}
  - {x: -8.1716, y: -1.5084145, z: -2.1435642}
  - {x: 2.709902, y: 1.4860792, z: -2.146895}
  - {x: 2.6628041, y: 2, z: -2.146895}
  - {x: -8.7530985, y: -1.9082516, z: -2.6817756}
  - {x: -8.176543, y: -1.8790683, z: -2.6691408}
  - {x: -8.176543, y: -1.5190527, z: -2.6559377}
  - {x: -8.7530985, y: -1.5226443, z: -2.6624084}
  - {x: -8.1716, y: -1.5087131, z: -2.154891}
  - {x: -8.1716, y: -1.5084145, z: -2.1435642}
  - {x: -8.1716, y: -1, z: -2.1435642}
  - {x: -8.743, y: -1, z: -2.154891}
  - {x: -8.743, y: -1.5043235, z: -2.161055}
  - {x: -8.171386, y: -1.5107691, z: -2.6444855}
  - {x: -8.176543, y: -1.5190527, z: -2.6559377}
  - {x: -8.176543, y: -1.8790683, z: -2.6691408}
  - {x: 2.7572143, y: -1.5023546, z: -2.659143}
  - {x: 2.7101164, y: 1.4837246, z: -2.6478162}
  - {x: -8.1716, y: -1.8016489, z: -2.1680942}
  - {x: 2.757, y: -1.5, z: -2.1582217}
  - {x: -8.176543, y: -1.8790683, z: -2.6691408}
  - {x: 2.7572143, y: -1.5023546, z: -2.659143}
  - {x: -8.1716, y: -1.5087131, z: -2.154891}
  - {x: -8.743, y: -1.5043235, z: -2.161055}
  - {x: -8.176543, y: -1.5190527, z: -2.6559377}
  - {x: -8.7530985, y: -1.5226443, z: -2.6624084}
  - {x: -8.1716, y: -1.5084145, z: -2.1435642}
  - {x: -8.1716, y: -1.5087131, z: -2.154891}
  - {x: -8.171386, y: -1.5107691, z: -2.6444855}
  - {x: -8.176543, y: -1.5190527, z: -2.6559377}
  - {x: 2.757, y: -1.5, z: -2.1582217}
  - {x: 2.709902, y: 1.4860792, z: -2.146895}
  - {x: 2.7572143, y: -1.5023546, z: -2.659143}
  - {x: 2.7101164, y: 1.4837246, z: -2.6478162}
  - {x: 2.709902, y: 1.4860792, z: -2.146895}
  - {x: -8.1716, y: -1.5084145, z: -2.1435642}
  - {x: 2.7101164, y: 1.4837246, z: -2.6478162}
  - {x: -8.171386, y: -1.5107691, z: -2.6444855}
  - {x: -8.743, y: -1.835342, z: -2.1804223}
  - {x: -8.1716, y: -1.8016489, z: -2.1680942}
  - {x: -8.7530985, y: -1.9082516, z: -2.6817756}
  - {x: -8.176543, y: -1.8790683, z: -2.6691408}
  - {x: -8.743, y: -1.5043235, z: -2.161055}
  - {x: -8.743, y: -1.835342, z: -2.1804223}
  - {x: -8.7530985, y: -1.5226443, z: -2.6624084}
  - {x: -8.7530985, y: -1.9082516, z: -2.6817756}
  _uv:
  - {x: 8.743, y: -0.65626323}
  - {x: -3.257, y: -0.6562631}
  - {x: 8.743, y: -4.151827}
  - {x: -3.257, y: -4.151827}
  - {x: -3.257, y: 5.5}
  - {x: 8.743, y: 5.5}
  - {x: -3.257, y: 6}
  - {x: 8.743, y: 6}
  - {x: 3.110769, y: -2.1578414}
  - {x: 3.666874, y: -2.1708038}
  - {x: 3.6628137, y: -4.1364913}
  - {x: 3.1111465, y: -4.1502285}
  - {x: 8.743099, y: 5.510566}
  - {x: 8.743099, y: -0.989413}
  - {x: 8.144762, y: -0.96526253}
  - {x: -2.6855009, y: 2.0120373}
  - {x: -3.2569013, y: 2.0105398}
  - {x: -3.256901, y: 5.5105667}
  - {x: 3.0887456, y: -2.146513}
  - {x: 3.110769, y: -2.1578414}
  - {x: 3.1111465, y: -4.1502285}
  - {x: -8.120589, y: -4.118438}
  - {x: -8.09067, y: -2.1564114}
  - {x: -8.120589, y: -4.118438}
  - {x: -8.704911, y: -4.151431}
  - {x: -8.704911, y: -2.154495}
  - {x: -8.152867, y: -2.1432135}
  - {x: -8.09067, y: -2.1564114}
  - {x: -2.665165, y: 1.993626}
  - {x: -2.7122629, y: 1.4797076}
  - {x: -2.7593734, y: -1.5063919}
  - {x: -3.2593865, y: -1.5064268}
  - {x: -3.2593873, y: 2.0092888}
  - {x: -2.6879733, y: 1.9935924}
  - {x: 8.113625, y: -0.97355133}
  - {x: 8.169236, y: -1.0063863}
  - {x: 8.169236, y: -1.5147985}
  - {x: -2.7122629, y: 1.4797076}
  - {x: -2.665165, y: 1.993626}
  - {x: 8.805119, y: -1.9987837}
  - {x: 8.228425, y: -1.9695808}
  - {x: 8.228161, y: -1.6093233}
  - {x: 8.804729, y: -1.6127259}
  - {x: 8.169224, y: -1.5151308}
  - {x: 8.169236, y: -1.5147985}
  - {x: 8.169236, y: -1.0063863}
  - {x: 8.740623, y: -1.0064218}
  - {x: 8.740617, y: -1.5107614}
  - {x: 8.170259, y: -1.5232767}
  - {x: 8.175412, y: -1.5316144}
  - {x: 8.175406, y: -1.8916883}
  - {x: -2.7583463, y: -1.5149096}
  - {x: -2.7112434, y: 1.4711896}
  - {x: -8.217979, y: -2.383031}
  - {x: 2.7147827, y: -2.3730416}
  - {x: -8.225046, y: -2.8899982}
  - {x: 2.7149324, y: -2.8684723}
  - {x: 8.159418, y: -2.1870096}
  - {x: 8.730835, y: -2.193175}
  - {x: 8.164279, y: -2.6881638}
  - {x: 8.7407875, y: -2.6948018}
  - {x: -2.139304, y: -1.6696925}
  - {x: -2.1506307, y: -1.6699913}
  - {x: -2.6402254, y: -1.6720476}
  - {x: -2.6516747, y: -1.6804317}
  - {x: 2.1591969, y: -1.5432771}
  - {x: 2.1478534, y: 1.4431734}
  - {x: 2.660118, y: -1.545632}
  - {x: 2.6487746, y: 1.4408185}
  - {x: -3.0070736, y: -2.1435556}
  - {x: 8.278939, y: -2.140225}
  - {x: -3.0066555, y: -2.6444824}
  - {x: 8.279357, y: -2.6411517}
  - {x: -8.831744, y: -2.3499293}
  - {x: -8.259355, y: -2.3374739}
  - {x: -8.845893, y: -2.8564594}
  - {x: -8.268607, y: -2.8443835}
  - {x: -2.3370614, y: -1.4940525}
  - {x: -2.3564246, y: -1.8250715}
  - {x: -2.8385162, y: -1.5123734}
  - {x: -2.8578796, y: -1.8979809}
  _uv3:
  - {x: 0, y: 0, z: 0, w: 0}
  - {x: 0, y: 0, z: 0, w: 0}
  - {x: 0, y: 0, z: 0, w: 0}
  - {x: 0, y: 0, z: 0, w: 0}
  - {x: 0, y: 0, z: 0, w: 0}
  - {x: 0, y: 0, z: 0, w: 0}
  - {x: 0, y: 0, z: 0, w: 0}
  - {x: 0, y: 0, z: 0, w: 0}
  - {x: 0, y: 0, z: 0, w: 0}
  - {x: 0, y: 0, z: 0, w: 0}
  - {x: 0, y: 0, z: 0, w: 0}
  - {x: 0, y: 0, z: 0, w: 0}
  - {x: 0, y: 0, z: 0, w: 0}
  - {x: 0, y: 0, z: 0, w: 0}
  - {x: 0, y: 0, z: 0, w: 0}
  - {x: 0, y: 0, z: 0, w: 0}
  - {x: 0, y: 0, z: 0, w: 0}
  - {x: 0, y: 0, z: 0, w: 0}
  - {x: 0, y: 0, z: 0, w: 0}
  - {x: 0, y: 0, z: 0, w: 0}
  - {x: 0, y: 0, z: 0, w: 0}
  - {x: 0, y: 0, z: 0, w: 0}
  - {x: 0, y: 0, z: 0, w: 0}
  - {x: 0, y: 0, z: 0, w: 0}
  - {x: 0, y: 0, z: 0, w: 0}
  - {x: 0, y: 0, z: 0, w: 0}
  - {x: 0, y: 0, z: 0, w: 0}
  - {x: 0, y: 0, z: 0, w: 0}
  - {x: 0, y: 0, z: 0, w: 0}
  - {x: 0, y: 0, z: 0, w: 0}
  - {x: 0, y: 0, z: 0, w: 0}
  - {x: 0, y: 0, z: 0, w: 0}
  - {x: 0, y: 0, z: 0, w: 0}
  - {x: 0, y: 0, z: 0, w: 0}
  - {x: 0, y: 0, z: 0, w: 0}
  - {x: 0, y: 0, z: 0, w: 0}
  - {x: 0, y: 0, z: 0, w: 0}
  - {x: 0, y: 0, z: 0, w: 0}
  - {x: 0, y: 0, z: 0, w: 0}
  - {x: 0, y: 0, z: 0, w: 0}
  - {x: 0, y: 0, z: 0, w: 0}
  - {x: 0, y: 0, z: 0, w: 0}
  - {x: 0, y: 0, z: 0, w: 0}
  - {x: 0, y: 0, z: 0, w: 0}
  - {x: 0, y: 0, z: 0, w: 0}
  - {x: 0, y: 0, z: 0, w: 0}
  - {x: 0, y: 0, z: 0, w: 0}
  - {x: 0, y: 0, z: 0, w: 0}
  - {x: 0, y: 0, z: 0, w: 0}
  - {x: 0, y: 0, z: 0, w: 0}
  - {x: 0, y: 0, z: 0, w: 0}
  - {x: 0, y: 0, z: 0, w: 0}
  - {x: 0, y: 0, z: 0, w: 0}
  - {x: 0, y: 0, z: 0, w: 0}
  - {x: 0, y: 0, z: 0, w: 0}
  - {x: 0, y: 0, z: 0, w: 0}
  - {x: 0, y: 0, z: 0, w: 0}
  - {x: 0, y: 0, z: 0, w: 0}
  - {x: 0, y: 0, z: 0, w: 0}
  - {x: 0, y: 0, z: 0, w: 0}
  - {x: 0, y: 0, z: 0, w: 0}
  - {x: 0, y: 0, z: 0, w: 0}
  - {x: 0, y: 0, z: 0, w: 0}
  - {x: 0, y: 0, z: 0, w: 0}
  - {x: 0, y: 0, z: 0, w: 0}
  - {x: 0, y: 0, z: 0, w: 0}
  - {x: 0, y: 0, z: 0, w: 0}
  - {x: 0, y: 0, z: 0, w: 0}
  - {x: 0, y: 0, z: 0, w: 0}
  - {x: 0, y: 0, z: 0, w: 0}
  - {x: 0, y: 0, z: 0, w: 0}
  - {x: 0, y: 0, z: 0, w: 0}
  - {x: 0, y: 0, z: 0, w: 0}
  - {x: 0, y: 0, z: 0, w: 0}
  - {x: 0, y: 0, z: 0, w: 0}
  - {x: 0, y: 0, z: 0, w: 0}
  - {x: 0, y: 0, z: 0, w: 0}
  - {x: 0, y: 0, z: 0, w: 0}
  - {x: 0, y: 0, z: 0, w: 0}
  - {x: 0, y: 0, z: 0, w: 0}
  - {x: 0, y: 0, z: 0, w: 0}
  - {x: 0, y: 0, z: 0, w: 0}
  - {x: 0, y: 0, z: 0, w: 0}
  - {x: 0, y: 0, z: 0, w: 0}
  - {x: 0, y: 0, z: 0, w: 0}
  - {x: 0, y: 0, z: 0, w: 0}
  - {x: 0, y: 0, z: 0, w: 0}
  - {x: 0, y: 0, z: 0, w: 0}
  - {x: 0, y: 0, z: 0, w: 0}
  _uv4:
  - {x: 0, y: 0, z: 0, w: 0}
  - {x: 0, y: 0, z: 0, w: 0}
  - {x: 0, y: 0, z: 0, w: 0}
  - {x: 0, y: 0, z: 0, w: 0}
  - {x: 0, y: 0, z: 0, w: 0}
  - {x: 0, y: 0, z: 0, w: 0}
  - {x: 0, y: 0, z: 0, w: 0}
  - {x: 0, y: 0, z: 0, w: 0}
  - {x: 0, y: 0, z: 0, w: 0}
  - {x: 0, y: 0, z: 0, w: 0}
  - {x: 0, y: 0, z: 0, w: 0}
  - {x: 0, y: 0, z: 0, w: 0}
  - {x: 0, y: 0, z: 0, w: 0}
  - {x: 0, y: 0, z: 0, w: 0}
  - {x: 0, y: 0, z: 0, w: 0}
  - {x: 0, y: 0, z: 0, w: 0}
  - {x: 0, y: 0, z: 0, w: 0}
  - {x: 0, y: 0, z: 0, w: 0}
  - {x: 0, y: 0, z: 0, w: 0}
  - {x: 0, y: 0, z: 0, w: 0}
  - {x: 0, y: 0, z: 0, w: 0}
  - {x: 0, y: 0, z: 0, w: 0}
  - {x: 0, y: 0, z: 0, w: 0}
  - {x: 0, y: 0, z: 0, w: 0}
  - {x: 0, y: 0, z: 0, w: 0}
  - {x: 0, y: 0, z: 0, w: 0}
  - {x: 0, y: 0, z: 0, w: 0}
  - {x: 0, y: 0, z: 0, w: 0}
  - {x: 0, y: 0, z: 0, w: 0}
  - {x: 0, y: 0, z: 0, w: 0}
  - {x: 0, y: 0, z: 0, w: 0}
  - {x: 0, y: 0, z: 0, w: 0}
  - {x: 0, y: 0, z: 0, w: 0}
  - {x: 0, y: 0, z: 0, w: 0}
  - {x: 0, y: 0, z: 0, w: 0}
  - {x: 0, y: 0, z: 0, w: 0}
  - {x: 0, y: 0, z: 0, w: 0}
  - {x: 0, y: 0, z: 0, w: 0}
  - {x: 0, y: 0, z: 0, w: 0}
  - {x: 0, y: 0, z: 0, w: 0}
  - {x: 0, y: 0, z: 0, w: 0}
  - {x: 0, y: 0, z: 0, w: 0}
  - {x: 0, y: 0, z: 0, w: 0}
  - {x: 0, y: 0, z: 0, w: 0}
  - {x: 0, y: 0, z: 0, w: 0}
  - {x: 0, y: 0, z: 0, w: 0}
  - {x: 0, y: 0, z: 0, w: 0}
  - {x: 0, y: 0, z: 0, w: 0}
  - {x: 0, y: 0, z: 0, w: 0}
  - {x: 0, y: 0, z: 0, w: 0}
  - {x: 0, y: 0, z: 0, w: 0}
  - {x: 0, y: 0, z: 0, w: 0}
  - {x: 0, y: 0, z: 0, w: 0}
  - {x: 0, y: 0, z: 0, w: 0}
  - {x: 0, y: 0, z: 0, w: 0}
  - {x: 0, y: 0, z: 0, w: 0}
  - {x: 0, y: 0, z: 0, w: 0}
  - {x: 0, y: 0, z: 0, w: 0}
  - {x: 0, y: 0, z: 0, w: 0}
  - {x: 0, y: 0, z: 0, w: 0}
  - {x: 0, y: 0, z: 0, w: 0}
  - {x: 0, y: 0, z: 0, w: 0}
  - {x: 0, y: 0, z: 0, w: 0}
  - {x: 0, y: 0, z: 0, w: 0}
  - {x: 0, y: 0, z: 0, w: 0}
  - {x: 0, y: 0, z: 0, w: 0}
  - {x: 0, y: 0, z: 0, w: 0}
  - {x: 0, y: 0, z: 0, w: 0}
  - {x: 0, y: 0, z: 0, w: 0}
  - {x: 0, y: 0, z: 0, w: 0}
  - {x: 0, y: 0, z: 0, w: 0}
  - {x: 0, y: 0, z: 0, w: 0}
  - {x: 0, y: 0, z: 0, w: 0}
  - {x: 0, y: 0, z: 0, w: 0}
  - {x: 0, y: 0, z: 0, w: 0}
  - {x: 0, y: 0, z: 0, w: 0}
  - {x: 0, y: 0, z: 0, w: 0}
  - {x: 0, y: 0, z: 0, w: 0}
  - {x: 0, y: 0, z: 0, w: 0}
  - {x: 0, y: 0, z: 0, w: 0}
  - {x: 0, y: 0, z: 0, w: 0}
  - {x: 0, y: 0, z: 0, w: 0}
  - {x: 0, y: 0, z: 0, w: 0}
  - {x: 0, y: 0, z: 0, w: 0}
  - {x: 0, y: 0, z: 0, w: 0}
  - {x: 0, y: 0, z: 0, w: 0}
  - {x: 0, y: 0, z: 0, w: 0}
  - {x: 0, y: 0, z: 0, w: 0}
  - {x: 0, y: 0, z: 0, w: 0}
  _tangents: []
  _sharedIndicesUV: []
  _colors:
  - {r: 1, g: 1, b: 1, a: 1}
  - {r: 1, g: 1, b: 1, a: 1}
  - {r: 1, g: 1, b: 1, a: 1}
  - {r: 1, g: 1, b: 1, a: 1}
  - {r: 1, g: 1, b: 1, a: 1}
  - {r: 1, g: 1, b: 1, a: 1}
  - {r: 1, g: 1, b: 1, a: 1}
  - {r: 1, g: 1, b: 1, a: 1}
  - {r: 1, g: 1, b: 1, a: 1}
  - {r: 1, g: 1, b: 1, a: 1}
  - {r: 1, g: 1, b: 1, a: 1}
  - {r: 1, g: 1, b: 1, a: 1}
  - {r: 1, g: 1, b: 1, a: 1}
  - {r: 1, g: 1, b: 1, a: 1}
  - {r: 1, g: 1, b: 1, a: 1}
  - {r: 1, g: 1, b: 1, a: 1}
  - {r: 1, g: 1, b: 1, a: 1}
  - {r: 1, g: 1, b: 1, a: 1}
  - {r: 1, g: 1, b: 1, a: 1}
  - {r: 1, g: 1, b: 1, a: 1}
  - {r: 1, g: 1, b: 1, a: 1}
  - {r: 1, g: 1, b: 1, a: 1}
  - {r: 1, g: 1, b: 1, a: 1}
  - {r: 1, g: 1, b: 1, a: 1}
  - {r: 1, g: 1, b: 1, a: 1}
  - {r: 1, g: 1, b: 1, a: 1}
  - {r: 1, g: 1, b: 1, a: 1}
  - {r: 1, g: 1, b: 1, a: 1}
  - {r: 1, g: 1, b: 1, a: 1}
  - {r: 1, g: 1, b: 1, a: 1}
  - {r: 1, g: 1, b: 1, a: 1}
  - {r: 1, g: 1, b: 1, a: 1}
  - {r: 1, g: 1, b: 1, a: 1}
  - {r: 1, g: 1, b: 1, a: 1}
  - {r: 1, g: 1, b: 1, a: 1}
  - {r: 1, g: 1, b: 1, a: 1}
  - {r: 1, g: 1, b: 1, a: 1}
  - {r: 1, g: 1, b: 1, a: 1}
  - {r: 1, g: 1, b: 1, a: 1}
  - {r: 1, g: 1, b: 1, a: 1}
  - {r: 1, g: 1, b: 1, a: 1}
  - {r: 1, g: 1, b: 1, a: 1}
  - {r: 1, g: 1, b: 1, a: 1}
  - {r: 1, g: 1, b: 1, a: 1}
  - {r: 1, g: 1, b: 1, a: 1}
  - {r: 1, g: 1, b: 1, a: 1}
  - {r: 1, g: 1, b: 1, a: 1}
  - {r: 1, g: 1, b: 1, a: 1}
  - {r: 1, g: 1, b: 1, a: 1}
  - {r: 1, g: 1, b: 1, a: 1}
  - {r: 1, g: 1, b: 1, a: 1}
  - {r: 1, g: 1, b: 1, a: 1}
  - {r: 1, g: 1, b: 1, a: 1}
  - {r: 1, g: 1, b: 1, a: 1}
  - {r: 1, g: 1, b: 1, a: 1}
  - {r: 1, g: 1, b: 1, a: 1}
  - {r: 1, g: 1, b: 1, a: 1}
  - {r: 1, g: 1, b: 1, a: 1}
  - {r: 1, g: 1, b: 1, a: 1}
  - {r: 1, g: 1, b: 1, a: 1}
  - {r: 1, g: 1, b: 1, a: 1}
  - {r: 1, g: 1, b: 1, a: 1}
  - {r: 1, g: 1, b: 1, a: 1}
  - {r: 1, g: 1, b: 1, a: 1}
  - {r: 1, g: 1, b: 1, a: 1}
  - {r: 1, g: 1, b: 1, a: 1}
  - {r: 1, g: 1, b: 1, a: 1}
  - {r: 1, g: 1, b: 1, a: 1}
  - {r: 1, g: 1, b: 1, a: 1}
  - {r: 1, g: 1, b: 1, a: 1}
  - {r: 1, g: 1, b: 1, a: 1}
  - {r: 1, g: 1, b: 1, a: 1}
  - {r: 1, g: 1, b: 1, a: 1}
  - {r: 1, g: 1, b: 1, a: 1}
  - {r: 1, g: 1, b: 1, a: 1}
  - {r: 1, g: 1, b: 1, a: 1}
  - {r: 1, g: 1, b: 1, a: 1}
  - {r: 1, g: 1, b: 1, a: 1}
  - {r: 1, g: 1, b: 1, a: 1}
  - {r: 1, g: 1, b: 1, a: 1}
  - {r: 1, g: 1, b: 1, a: 1}
  userCollisions: 0
  isSelectable: 1
  unwrapParameters:
    hardAngle: 88
    packMargin: 4
    angleError: 8
    areaError: 15
  dontDestroyMeshOnDelete: 0
  m_selectedFaces: 
  m_SelectedEdges: []
  m_selectedTriangles: 
--- !u!64 &952751763319230559
MeshCollider:
  m_ObjectHideFlags: 0
  m_CorrespondingSourceObject: {fileID: 0}
  m_PrefabInstance: {fileID: 0}
  m_PrefabAsset: {fileID: 0}
  m_GameObject: {fileID: 3339950902125588588}
  m_Material: {fileID: 13400000, guid: cef6c32f80baf794d9ed89bd48890f69, type: 2}
  m_IsTrigger: 0
  m_Enabled: 1
  serializedVersion: 3
  m_Convex: 0
  m_CookingOptions: 14
  m_Mesh: {fileID: 0}
--- !u!114 &8486254742702630478
MonoBehaviour:
  m_ObjectHideFlags: 0
  m_CorrespondingSourceObject: {fileID: 0}
  m_PrefabInstance: {fileID: 0}
  m_PrefabAsset: {fileID: 0}
  m_GameObject: {fileID: 3339950902125588588}
  m_Enabled: 1
  m_EditorHideFlags: 0
  m_Script: {fileID: -142605913, guid: 4f0627da958b4bb78c260446066f065f, type: 3}
  m_Name: 
  m_EditorClassIdentifier: 
  manageVisibility: 1
--- !u!114 &2885970635772639734
MonoBehaviour:
  m_ObjectHideFlags: 0
  m_CorrespondingSourceObject: {fileID: 0}
  m_PrefabInstance: {fileID: 0}
  m_PrefabAsset: {fileID: 0}
  m_GameObject: {fileID: 3339950902125588588}
  m_Enabled: 1
  m_EditorHideFlags: 0
  m_Script: {fileID: 11500000, guid: c6e458a25b435dd4086faf6dce3b39e6, type: 3}
  m_Name: 
  m_EditorClassIdentifier: 
  m_SurfaceType: {fileID: 11400000, guid: e616b14f5d2d0cf42bb5b4360f2b2089, type: 2}
  m_AllowDecals: 1
