%YAML 1.1
%TAG !u! tag:unity3d.com,2011:
--- !u!1 &820872421
GameObject:
  m_ObjectHideFlags: 0
  m_CorrespondingSourceObject: {fileID: 0}
  m_PrefabInstance: {fileID: 0}
  m_PrefabAsset: {fileID: 0}
  serializedVersion: 6
  m_Component:
  - component: {fileID: 820872427}
  - component: {fileID: 820872426}
  - component: {fileID: 820872425}
  - component: {fileID: 820872424}
  - component: {fileID: 820872423}
  - component: {fileID: 820872422}
  - component: {fileID: 1640595184171146087}
  m_Layer: 0
  m_Name: Collider
  m_TagString: Untagged
  m_Icon: {fileID: 0}
  m_NavMeshLayer: 0
  m_StaticEditorFlags: 127
  m_IsActive: 1
--- !u!4 &820872427
Transform:
  m_ObjectHideFlags: 0
  m_CorrespondingSourceObject: {fileID: 0}
  m_PrefabInstance: {fileID: 0}
  m_PrefabAsset: {fileID: 0}
  m_GameObject: {fileID: 820872421}
  m_LocalRotation: {x: -0, y: -0, z: -0, w: 1}
  m_LocalPosition: {x: -2.1559982, y: 0.65840006, z: 2.271}
  m_LocalScale: {x: 1, y: 1, z: 1}
  m_Children: []
  m_Father: {fileID: 4548542653341318}
  m_RootOrder: 0
  m_LocalEulerAnglesHint: {x: 0, y: 0, z: 0}
--- !u!23 &820872426
MeshRenderer:
  m_ObjectHideFlags: 0
  m_CorrespondingSourceObject: {fileID: 0}
  m_PrefabInstance: {fileID: 0}
  m_PrefabAsset: {fileID: 0}
  m_GameObject: {fileID: 820872421}
  m_Enabled: 0
  m_CastShadows: 2
  m_ReceiveShadows: 1
  m_DynamicOccludee: 1
  m_MotionVectors: 1
  m_LightProbeUsage: 1
  m_ReflectionProbeUsage: 1
  m_RenderingLayerMask: 1
  m_RendererPriority: 0
  m_Materials:
  - {fileID: 2100000, guid: ec0aa376067f4c6fa4b637e3cd479088, type: 2}
  m_StaticBatchInfo:
    firstSubMesh: 0
    subMeshCount: 0
  m_StaticBatchRoot: {fileID: 0}
  m_ProbeAnchor: {fileID: 0}
  m_LightProbeVolumeOverride: {fileID: 0}
  m_ScaleInLightmap: 1
  m_PreserveUVs: 0
  m_IgnoreNormalsForChartDetection: 0
  m_ImportantGI: 0
  m_StitchLightmapSeams: 0
  m_SelectedEditorRenderState: 2
  m_MinimumChartSize: 4
  m_AutoUVMaxDistance: 0.5
  m_AutoUVMaxAngle: 89
  m_LightmapParameters: {fileID: 0}
  m_SortingLayerID: 0
  m_SortingLayer: 0
  m_SortingOrder: 0
--- !u!33 &820872425
MeshFilter:
  m_ObjectHideFlags: 0
  m_CorrespondingSourceObject: {fileID: 0}
  m_PrefabInstance: {fileID: 0}
  m_PrefabAsset: {fileID: 0}
  m_GameObject: {fileID: 820872421}
  m_Mesh: {fileID: 0}
--- !u!114 &820872424
MonoBehaviour:
  m_ObjectHideFlags: 0
  m_CorrespondingSourceObject: {fileID: 0}
  m_PrefabInstance: {fileID: 0}
  m_PrefabAsset: {fileID: 0}
  m_GameObject: {fileID: 820872421}
  m_Enabled: 1
  m_EditorHideFlags: 0
  m_Script: {fileID: 232430130, guid: 4f0627da958b4bb78c260446066f065f, type: 3}
  m_Name: 
  m_EditorClassIdentifier: 
  _quads:
  - _indices: 000000000100000002000000010000000300000002000000
    _distinctIndices: 00000000010000000200000003000000
    _edges:
    - x: 0
      y: 1
    - x: 2
      y: 0
    - x: 1
      y: 3
    - x: 3
      y: 2
    _smoothingGroup: 0
    _uv:
      useWorldSpace: 0
      flipU: 0
      flipV: 0
      swapUV: 0
      fill: 1
      scale: {x: 1, y: 1}
      offset: {x: 0, y: 0}
      rotation: 0
      justify: 0
      localPivot: {x: -2.1580791, y: -0.65073514}
      localSize: {x: 0, y: 0}
      anchor: 9
    _mat: {fileID: 2100000, guid: ec0aa376067f4c6fa4b637e3cd479088, type: 2}
    manualUV: 0
    textureGroup: -1
  - _indices: 040000000500000006000000050000000700000006000000
    _distinctIndices: 04000000050000000600000007000000
    _edges:
    - x: 4
      y: 5
    - x: 6
      y: 4
    - x: 5
      y: 7
    - x: 7
      y: 6
    _smoothingGroup: 0
    _uv:
      useWorldSpace: 0
      flipU: 0
      flipV: 0
      swapUV: 0
      fill: 1
      scale: {x: 1, y: 1}
      offset: {x: 0, y: 0}
      rotation: 0
      justify: 0
      localPivot: {x: -2.3670056, y: -0.6588799}
      localSize: {x: 0, y: 0}
      anchor: 9
    _mat: {fileID: 2100000, guid: ec0aa376067f4c6fa4b637e3cd479088, type: 2}
    manualUV: 0
    textureGroup: -1
  - _indices: 08000000090000000a000000090000000b0000000a000000
    _distinctIndices: 08000000090000000a0000000b000000
    _edges:
    - x: 8
      y: 9
    - x: 10
      y: 8
    - x: 9
      y: 11
    - x: 11
      y: 10
    _smoothingGroup: 0
    _uv:
      useWorldSpace: 0
      flipU: 0
      flipV: 0
      swapUV: 0
      fill: 1
      scale: {x: 1, y: 1}
      offset: {x: 0, y: 0}
      rotation: 0
      justify: 0
      localPivot: {x: 2.1580791, y: -0.6495352}
      localSize: {x: 0, y: 0}
      anchor: 9
    _mat: {fileID: 2100000, guid: ec0aa376067f4c6fa4b637e3cd479088, type: 2}
    manualUV: 0
    textureGroup: -1
  - _indices: 0c0000000d0000000e0000000d0000000f0000000e000000
    _distinctIndices: 0c0000000d0000000e0000000f000000
    _edges:
    - x: 12
      y: 13
    - x: 14
      y: 12
    - x: 13
      y: 15
    - x: 15
      y: 14
    _smoothingGroup: 0
    _uv:
      useWorldSpace: 0
      flipU: 0
      flipV: 0
      swapUV: 0
      fill: 1
      scale: {x: 1, y: 1}
      offset: {x: 0, y: 0}
      rotation: 0
      justify: 0
      localPivot: {x: 2.3130908, y: -0.6482145}
      localSize: {x: 0, y: 0}
      anchor: 9
    _mat: {fileID: 2100000, guid: ec0aa376067f4c6fa4b637e3cd479088, type: 2}
    manualUV: 0
    textureGroup: -1
  - _indices: 100000001100000012000000110000001300000012000000
    _distinctIndices: 10000000110000001200000013000000
    _edges:
    - x: 16
      y: 17
    - x: 18
      y: 16
    - x: 17
      y: 19
    - x: 19
      y: 18
    _smoothingGroup: 0
    _uv:
      useWorldSpace: 0
      flipU: 0
      flipV: 0
      swapUV: 0
      fill: 1
      scale: {x: 1, y: 1}
      offset: {x: 0, y: 0}
      rotation: 0
      justify: 0
      localPivot: {x: 2.1599903, y: -2.3373938}
      localSize: {x: 0, y: 0}
      anchor: 9
    _mat: {fileID: 2100000, guid: ec0aa376067f4c6fa4b637e3cd479088, type: 2}
    manualUV: 0
    textureGroup: -1
  - _indices: 140000001500000016000000150000001700000016000000
    _distinctIndices: 14000000150000001600000017000000
    _edges:
    - x: 20
      y: 21
    - x: 22
      y: 20
    - x: 21
      y: 23
    - x: 23
      y: 22
    _smoothingGroup: 0
    _uv:
      useWorldSpace: 0
      flipU: 0
      flipV: 0
      swapUV: 0
      fill: 1
      scale: {x: 1, y: 1}
      offset: {x: 0, y: 0}
      rotation: 0
      justify: 0
      localPivot: {x: -2.1580791, y: -2.3039007}
      localSize: {x: 0, y: 0}
      anchor: 9
    _mat: {fileID: 2100000, guid: ec0aa376067f4c6fa4b637e3cd479088, type: 2}
    manualUV: 0
    textureGroup: -1
  _sharedIndices:
  - array: 000000000d00000016000000
  - array: 010000000400000017000000
  - array: 020000000f00000010000000
  - array: 030000000600000011000000
  - array: 050000000800000015000000
  - array: 070000000a00000013000000
  - array: 090000000c00000014000000
  - array: 0b0000000e00000012000000
  _vertices:
  - {x: 1.8470612, y: -1.4083996, z: -2.2194881}
  - {x: 2.4690971, y: -1.4084, z: -2.2194881}
  - {x: 1.8470612, y: 0.104329586, z: -2.2194881}
  - {x: 2.464096, y: 0.10692978, z: -2.2244873}
  - {x: 2.4690971, y: -1.4084, z: -2.2194881}
  - {x: 2.4720993, y: -1.4034, z: -2.4503002}
  - {x: 2.464096, y: 0.10692978, z: -2.2244873}
  - {x: 2.4720993, y: 0.09932947, z: -2.4503002}
  - {x: 2.4720993, y: -1.4034, z: -2.4503002}
  - {x: 1.844059, y: -1.4034, z: -2.4503002}
  - {x: 2.4720993, y: 0.09932947, z: -2.4503002}
  - {x: 1.8470612, y: 0.104329586, z: -2.4552994}
  - {x: 1.844059, y: -1.4034, z: -2.4503002}
  - {x: 1.8470612, y: -1.4083996, z: -2.2194881}
  - {x: 1.8470612, y: 0.104329586, z: -2.4552994}
  - {x: 1.8470612, y: 0.104329586, z: -2.2194881}
  - {x: 1.8470612, y: 0.104329586, z: -2.2194881}
  - {x: 2.464096, y: 0.10692978, z: -2.2244873}
  - {x: 1.8470612, y: 0.104329586, z: -2.4552994}
  - {x: 2.4720993, y: 0.09932947, z: -2.4503002}
  - {x: 1.844059, y: -1.4034, z: -2.4503002}
  - {x: 2.4720993, y: -1.4034, z: -2.4503002}
  - {x: 1.8470612, y: -1.4083996, z: -2.2194881}
  - {x: 2.4690971, y: -1.4084, z: -2.2194881}
  _uv:
  - {x: -1.8470612, y: -1.4083996}
  - {x: -2.4690971, y: -1.4084}
  - {x: -1.8470612, y: 0.104329586}
  - {x: -2.464096, y: 0.10692978}
  - {x: -2.2515898, y: -1.4165491}
  - {x: -2.4824214, y: -1.411549}
  - {x: -2.2565231, y: 0.09878928}
  - {x: -2.4824214, y: 0.09117214}
  - {x: 2.4720993, y: -1.4034}
  - {x: 1.844059, y: -1.4034}
  - {x: 2.4720993, y: 0.09932947}
  - {x: 1.8470612, y: 0.104329586}
  - {x: 2.4260268, y: -1.3995811}
  - {x: 2.1951952, y: -1.4045807}
  - {x: 2.4309864, y: 0.108151674}
  - {x: 2.1951952, y: 0.108145416}
  - {x: 1.8474844, y: -2.2194881}
  - {x: 2.4645247, y: -2.2244873}
  - {x: 1.8474844, y: -2.4552994}
  - {x: 2.472496, y: -2.4503002}
  - {x: -1.844059, y: -2.4193337}
  - {x: -2.4720993, y: -2.4193337}
  - {x: -1.8470612, y: -2.1884675}
  - {x: -2.4690971, y: -2.1884675}
  _uv3: []
  _uv4: []
  _tangents: []
  _sharedIndicesUV: []
  _colors:
  - {r: 1, g: 1, b: 1, a: 1}
  - {r: 1, g: 1, b: 1, a: 1}
  - {r: 1, g: 1, b: 1, a: 1}
  - {r: 1, g: 1, b: 1, a: 1}
  - {r: 1, g: 1, b: 1, a: 1}
  - {r: 1, g: 1, b: 1, a: 1}
  - {r: 1, g: 1, b: 1, a: 1}
  - {r: 1, g: 1, b: 1, a: 1}
  - {r: 1, g: 1, b: 1, a: 1}
  - {r: 1, g: 1, b: 1, a: 1}
  - {r: 1, g: 1, b: 1, a: 1}
  - {r: 1, g: 1, b: 1, a: 1}
  - {r: 1, g: 1, b: 1, a: 1}
  - {r: 1, g: 1, b: 1, a: 1}
  - {r: 1, g: 1, b: 1, a: 1}
  - {r: 1, g: 1, b: 1, a: 1}
  - {r: 1, g: 1, b: 1, a: 1}
  - {r: 1, g: 1, b: 1, a: 1}
  - {r: 1, g: 1, b: 1, a: 1}
  - {r: 1, g: 1, b: 1, a: 1}
  - {r: 1, g: 1, b: 1, a: 1}
  - {r: 1, g: 1, b: 1, a: 1}
  - {r: 1, g: 1, b: 1, a: 1}
  - {r: 1, g: 1, b: 1, a: 1}
  userCollisions: 0
  isSelectable: 1
  unwrapParameters:
    hardAngle: 88
    packMargin: 4
    angleError: 8
    areaError: 15
  dontDestroyMeshOnDelete: 0
  m_selectedFaces: 01000000
  m_SelectedEdges:
  - x: 4
    y: 5
  - x: 6
    y: 4
  - x: 5
    y: 7
  - x: 7
    y: 6
  m_selectedTriangles: 04000000050000000600000007000000
--- !u!64 &820872423
MeshCollider:
  m_ObjectHideFlags: 0
  m_CorrespondingSourceObject: {fileID: 0}
  m_PrefabInstance: {fileID: 0}
  m_PrefabAsset: {fileID: 0}
  m_GameObject: {fileID: 820872421}
  m_Material: {fileID: 13400000, guid: cef6c32f80baf794d9ed89bd48890f69, type: 2}
  m_IsTrigger: 0
  m_Enabled: 1
  serializedVersion: 3
  m_Convex: 0
  m_CookingOptions: 14
  m_Mesh: {fileID: 0}
--- !u!114 &820872422
MonoBehaviour:
  m_ObjectHideFlags: 0
  m_CorrespondingSourceObject: {fileID: 0}
  m_PrefabInstance: {fileID: 0}
  m_PrefabAsset: {fileID: 0}
  m_GameObject: {fileID: 820872421}
  m_Enabled: 1
  m_EditorHideFlags: 0
  m_Script: {fileID: -142605913, guid: 4f0627da958b4bb78c260446066f065f, type: 3}
  m_Name: 
  m_EditorClassIdentifier: 
  manageVisibility: 1
--- !u!114 &1640595184171146087
MonoBehaviour:
  m_ObjectHideFlags: 0
  m_CorrespondingSourceObject: {fileID: 0}
  m_PrefabInstance: {fileID: 0}
  m_PrefabAsset: {fileID: 0}
  m_GameObject: {fileID: 820872421}
  m_Enabled: 1
  m_EditorHideFlags: 0
  m_Script: {fileID: 11500000, guid: c6e458a25b435dd4086faf6dce3b39e6, type: 3}
  m_Name: 
  m_EditorClassIdentifier: 
  m_SurfaceType: {fileID: 11400000, guid: af1b1502703cd024aa8610073980d688, type: 2}
  m_AllowDecals: 1
--- !u!1 &1480242842848014
GameObject:
  m_ObjectHideFlags: 0
  m_CorrespondingSourceObject: {fileID: 0}
  m_PrefabInstance: {fileID: 0}
  m_PrefabAsset: {fileID: 0}
  serializedVersion: 6
  m_Component:
  - component: {fileID: 4548542653341318}
  - component: {fileID: 33140456155792988}
  - component: {fileID: 23422717252749634}
  m_Layer: 0
  m_Name: BASML_Props_Switchboard
  m_TagString: Untagged
  m_Icon: {fileID: 0}
  m_NavMeshLayer: 0
  m_StaticEditorFlags: 4294967295
  m_IsActive: 1
--- !u!4 &4548542653341318
Transform:
  m_ObjectHideFlags: 0
  m_CorrespondingSourceObject: {fileID: 0}
  m_PrefabInstance: {fileID: 0}
  m_PrefabAsset: {fileID: 0}
  m_GameObject: {fileID: 1480242842848014}
  m_LocalRotation: {x: 0, y: 0, z: 0, w: 1}
  m_LocalPosition: {x: 0, y: 0, z: 0}
  m_LocalScale: {x: 1, y: 1, z: 1}
  m_Children:
  - {fileID: 820872427}
  m_Father: {fileID: 0}
  m_RootOrder: 0
  m_LocalEulerAnglesHint: {x: 0, y: 0, z: 0}
--- !u!33 &33140456155792988
MeshFilter:
  m_ObjectHideFlags: 0
  m_CorrespondingSourceObject: {fileID: 0}
  m_PrefabInstance: {fileID: 0}
  m_PrefabAsset: {fileID: 0}
  m_GameObject: {fileID: 1480242842848014}
  m_Mesh: {fileID: 4300002, guid: 9a7b332177f27ec4481ba505201e7194, type: 3}
--- !u!23 &23422717252749634
MeshRenderer:
  m_ObjectHideFlags: 0
  m_CorrespondingSourceObject: {fileID: 0}
  m_PrefabInstance: {fileID: 0}
  m_PrefabAsset: {fileID: 0}
  m_GameObject: {fileID: 1480242842848014}
  m_Enabled: 1
  m_CastShadows: 1
  m_ReceiveShadows: 1
  m_DynamicOccludee: 1
  m_MotionVectors: 1
  m_LightProbeUsage: 1
  m_ReflectionProbeUsage: 1
  m_RenderingLayerMask: 4294967295
  m_RendererPriority: 0
  m_Materials:
  - {fileID: 2100000, guid: 38cd102acd6c77d4e99498e8221c2b7b, type: 2}
  m_StaticBatchInfo:
    firstSubMesh: 0
    subMeshCount: 0
  m_StaticBatchRoot: {fileID: 0}
  m_ProbeAnchor: {fileID: 0}
  m_LightProbeVolumeOverride: {fileID: 0}
  m_ScaleInLightmap: 1
  m_PreserveUVs: 0
  m_IgnoreNormalsForChartDetection: 0
  m_ImportantGI: 0
  m_StitchLightmapSeams: 0
  m_SelectedEditorRenderState: 3
  m_MinimumChartSize: 4
  m_AutoUVMaxDistance: 0.5
  m_AutoUVMaxAngle: 89
  m_LightmapParameters: {fileID: 0}
  m_SortingLayerID: 0
  m_SortingLayer: 0
  m_SortingOrder: 0
