%YAML 1.1
%TAG !u! tag:unity3d.com,2011:
--- !u!1 &1500205809
GameObject:
  m_ObjectHideFlags: 0
  m_CorrespondingSourceObject: {fileID: 0}
  m_PrefabInstance: {fileID: 0}
  m_PrefabAsset: {fileID: 0}
  serializedVersion: 6
  m_Component:
  - component: {fileID: 1500205815}
  - component: {fileID: 1500205814}
  - component: {fileID: 1500205813}
  - component: {fileID: 1500205812}
  - component: {fileID: 1500205811}
  - component: {fileID: 1500205810}
  m_Layer: 0
  m_Name: Collider
  m_TagString: Untagged
  m_Icon: {fileID: 0}
  m_NavMeshLayer: 0
  m_StaticEditorFlags: 127
  m_IsActive: 1
--- !u!4 &1500205815
Transform:
  m_ObjectHideFlags: 0
  m_CorrespondingSourceObject: {fileID: 0}
  m_PrefabInstance: {fileID: 0}
  m_PrefabAsset: {fileID: 0}
  m_GameObject: {fileID: 1500205809}
  m_LocalRotation: {x: -0, y: -0, z: -0, w: 1}
  m_LocalPosition: {x: -0.5699997, y: -0.049999952, z: 0.07499981}
  m_LocalScale: {x: 1, y: 1, z: 1}
  m_Children: []
  m_Father: {fileID: 4705131439918340}
  m_RootOrder: 0
  m_LocalEulerAnglesHint: {x: 0, y: 0, z: 0}
--- !u!23 &1500205814
MeshRenderer:
  m_ObjectHideFlags: 0
  m_CorrespondingSourceObject: {fileID: 0}
  m_PrefabInstance: {fileID: 0}
  m_PrefabAsset: {fileID: 0}
  m_GameObject: {fileID: 1500205809}
  m_Enabled: 0
  m_CastShadows: 2
  m_ReceiveShadows: 1
  m_DynamicOccludee: 1
  m_MotionVectors: 1
  m_LightProbeUsage: 1
  m_ReflectionProbeUsage: 1
  m_RenderingLayerMask: 1
  m_RendererPriority: 0
  m_Materials:
  - {fileID: 2100000, guid: ec0aa376067f4c6fa4b637e3cd479088, type: 2}
  m_StaticBatchInfo:
    firstSubMesh: 0
    subMeshCount: 0
  m_StaticBatchRoot: {fileID: 0}
  m_ProbeAnchor: {fileID: 0}
  m_LightProbeVolumeOverride: {fileID: 0}
  m_ScaleInLightmap: 1
  m_PreserveUVs: 0
  m_IgnoreNormalsForChartDetection: 0
  m_ImportantGI: 0
  m_StitchLightmapSeams: 0
  m_SelectedEditorRenderState: 2
  m_MinimumChartSize: 4
  m_AutoUVMaxDistance: 0.5
  m_AutoUVMaxAngle: 89
  m_LightmapParameters: {fileID: 0}
  m_SortingLayerID: 0
  m_SortingLayer: 0
  m_SortingOrder: 0
--- !u!33 &1500205813
MeshFilter:
  m_ObjectHideFlags: 0
  m_CorrespondingSourceObject: {fileID: 0}
  m_PrefabInstance: {fileID: 0}
  m_PrefabAsset: {fileID: 0}
  m_GameObject: {fileID: 1500205809}
  m_Mesh: {fileID: 0}
--- !u!114 &1500205812
MonoBehaviour:
  m_ObjectHideFlags: 0
  m_CorrespondingSourceObject: {fileID: 0}
  m_PrefabInstance: {fileID: 0}
  m_PrefabAsset: {fileID: 0}
  m_GameObject: {fileID: 1500205809}
  m_Enabled: 1
  m_EditorHideFlags: 0
  m_Script: {fileID: 232430130, guid: 4f0627da958b4bb78c260446066f065f, type: 3}
  m_Name: 
  m_EditorClassIdentifier: 
  _quads:
  - _indices: 020000000300000001000000020000000100000000000000
    _distinctIndices: 02000000030000000100000000000000
    _edges:
    - x: 2
      y: 3
    - x: 3
      y: 1
    - x: 1
      y: 0
    - x: 0
      y: 2
    _smoothingGroup: 0
    _uv:
      useWorldSpace: 0
      flipU: 0
      flipV: 0
      swapUV: 0
      fill: 1
      scale: {x: 1, y: 1}
      offset: {x: 0, y: 0}
      rotation: 0
      justify: 0
      localPivot: {x: -0.58622, y: 0.076004505}
      localSize: {x: 0, y: 0}
      anchor: 9
    _mat: {fileID: 2100000, guid: ec0aa376067f4c6fa4b637e3cd479088, type: 2}
    manualUV: 0
    textureGroup: -1
  - _indices: 060000000700000005000000060000000500000004000000
    _distinctIndices: 06000000070000000500000004000000
    _edges:
    - x: 6
      y: 7
    - x: 7
      y: 5
    - x: 5
      y: 4
    - x: 4
      y: 6
    _smoothingGroup: 0
    _uv:
      useWorldSpace: 0
      flipU: 0
      flipV: 0
      swapUV: 0
      fill: 1
      scale: {x: 1, y: 1}
      offset: {x: 0, y: 0}
      rotation: 0
      justify: 0
      localPivot: {x: -0.064996004, y: 0.07044411}
      localSize: {x: 0, y: 0}
      anchor: 9
    _mat: {fileID: 2100000, guid: ec0aa376067f4c6fa4b637e3cd479088, type: 2}
    manualUV: 0
    textureGroup: -1
  - _indices: 0a00000009000000080000000a000000080000000b000000
    _distinctIndices: 0a00000009000000080000000b000000
    _edges:
    - x: 10
      y: 9
    - x: 9
      y: 8
    - x: 8
      y: 11
    - x: 11
      y: 10
    _smoothingGroup: 0
    _uv:
      useWorldSpace: 0
      flipU: 0
      flipV: 0
      swapUV: 0
      fill: 1
      scale: {x: 1, y: 1}
      offset: {x: 0, y: 0}
      rotation: 0
      justify: 0
      localPivot: {x: -1.1925571, y: 0.07077795}
      localSize: {x: 0, y: 0}
      anchor: 9
    _mat: {fileID: 2100000, guid: ec0aa376067f4c6fa4b637e3cd479088, type: 2}
    manualUV: 0
    textureGroup: 1
  - _indices: 0e0000000c0000000f0000000d0000000c0000000e000000
    _distinctIndices: 0e0000000c0000000f0000000d000000
    _edges:
    - x: 12
      y: 15
    - x: 15
      y: 14
    - x: 13
      y: 12
    - x: 14
      y: 13
    _smoothingGroup: 0
    _uv:
      useWorldSpace: 0
      flipU: 0
      flipV: 0
      swapUV: 0
      fill: 1
      scale: {x: 1, y: 1}
      offset: {x: 0, y: 0}
      rotation: 0
      justify: 0
      localPivot: {x: -1.1925571, y: 0.07077795}
      localSize: {x: 0, y: 0}
      anchor: 9
    _mat: {fileID: 2100000, guid: ec0aa376067f4c6fa4b637e3cd479088, type: 2}
    manualUV: 0
    textureGroup: 1
  - _indices: 140000001300000015000000150000001300000010000000100000001300000012000000110000001000000012000000
    _distinctIndices: 140000001300000015000000100000001200000011000000
    _edges:
    - x: 20
      y: 19
    - x: 21
      y: 20
    - x: 16
      y: 21
    - x: 19
      y: 18
    - x: 17
      y: 16
    - x: 18
      y: 17
    _smoothingGroup: 0
    _uv:
      useWorldSpace: 0
      flipU: 0
      flipV: 0
      swapUV: 0
      fill: 1
      scale: {x: 1, y: 1}
      offset: {x: 0, y: 0}
      rotation: 0
      justify: 0
      localPivot: {x: -0.57837105, y: -0.07249606}
      localSize: {x: 0, y: 0}
      anchor: 9
    _mat: {fileID: 2100000, guid: ec0aa376067f4c6fa4b637e3cd479088, type: 2}
    manualUV: 0
    textureGroup: -1
  - _indices: 180000001a0000001900000018000000170000001a0000001a000000170000001b0000001b0000001700000016000000
    _distinctIndices: 180000001a00000019000000170000001b00000016000000
    _edges:
    - x: 26
      y: 25
    - x: 25
      y: 24
    - x: 24
      y: 23
    - x: 27
      y: 26
    - x: 23
      y: 22
    - x: 22
      y: 27
    _smoothingGroup: 0
    _uv:
      useWorldSpace: 0
      flipU: 0
      flipV: 0
      swapUV: 0
      fill: 1
      scale: {x: 1, y: 1}
      offset: {x: 0, y: 0}
      rotation: 0
      justify: 0
      localPivot: {x: 0.57837105, y: -0.05969602}
      localSize: {x: 0, y: 0}
      anchor: 9
    _mat: {fileID: 2100000, guid: ec0aa376067f4c6fa4b637e3cd479088, type: 2}
    manualUV: 0
    textureGroup: -1
  _sharedIndices:
  - array: 0900000019000000
  - array: 0000000018000000
  - array: 0a00000011000000
  - array: 0200000012000000
  - array: 010000000400000017000000
  - array: 030000000600000013000000
  - array: 0500000016000000
  - array: 0700000014000000
  - array: 080000000f0000001a000000
  - array: 0b0000000c00000010000000
  - array: 0d00000015000000
  - array: 0e0000001b000000
  _vertices:
  - {x: 2.0699997, y: -1.4090183, z: -1.5399919}
  - {x: -0.9026575, y: -1.4090183, z: -1.5443923}
  - {x: 2.0699997, y: 1.5499065, z: -1.5699923}
  - {x: -0.9132576, y: 1.5499065, z: -1.5549922}
  - {x: -0.9026575, y: -1.4090183, z: -1.5443923}
  - {x: -0.9132576, y: -1.4090183, z: 1.4250002}
  - {x: -0.9132576, y: 1.5499065, z: -1.5549922}
  - {x: -0.9132576, y: 1.5499065, z: 1.4250002}
  - {x: 1.0355692, y: -1.4090183, z: 0.4144001}
  - {x: 2.0699997, y: -1.4090183, z: 0.4100001}
  - {x: 2.0699997, y: 1.5499065, z: 0.4100001}
  - {x: 1.0420742, y: 1.5499065, z: 0.41750014}
  - {x: 1.0420742, y: 1.5499065, z: 0.41750014}
  - {x: 1.040143, y: 1.5499065, z: 1.4199898}
  - {x: 1.0461693, y: -1.4090183, z: 1.4250003}
  - {x: 1.0355692, y: -1.4090183, z: 0.4144001}
  - {x: 1.0420742, y: 1.5499065, z: 0.41750014}
  - {x: 2.0699997, y: 1.5499065, z: 0.4100001}
  - {x: 2.0699997, y: 1.5499065, z: -1.5699923}
  - {x: -0.9132576, y: 1.5499065, z: -1.5549922}
  - {x: -0.9132576, y: 1.5499065, z: 1.4250002}
  - {x: 1.040143, y: 1.5499065, z: 1.4199898}
  - {x: -0.9132576, y: -1.4090183, z: 1.4250002}
  - {x: -0.9026575, y: -1.4090183, z: -1.5443923}
  - {x: 2.0699997, y: -1.4090183, z: -1.5399919}
  - {x: 2.0699997, y: -1.4090183, z: 0.4100001}
  - {x: 1.0355692, y: -1.4090183, z: 0.4144001}
  - {x: 1.0461693, y: -1.4090183, z: 1.4250003}
  _uv:
  - {x: -2.0777166, y: -1.4035023}
  - {x: 0.89488083, y: -1.4034327}
  - {x: -2.0778675, y: 1.5555114}
  - {x: 0.9054275, y: 1.5555114}
  - {x: -1.5443923, y: -1.4090183}
  - {x: 1.4250002, y: -1.4090183}
  - {x: -1.5549922, y: 1.5499065}
  - {x: 1.4250002, y: 1.5499065}
  - {x: -0.8548951, y: -1.4088181}
  - {x: -1.8392006, y: -1.4087293}
  - {x: -1.8392006, y: 1.5501955}
  - {x: -0.8601104, y: 1.5501081}
  - {x: -0.8601104, y: 1.5501081}
  - {x: -0.5459135, y: 1.550374}
  - {x: -0.5500786, y: -1.408549}
  - {x: -0.8548951, y: -1.4088181}
  - {x: -1.0420742, y: 0.41750014}
  - {x: -2.0699997, y: 0.4100001}
  - {x: -2.0699997, y: -1.5699923}
  - {x: 0.9132576, y: -1.5549922}
  - {x: 0.9132576, y: 1.4250002}
  - {x: -1.040143, y: 1.4199898}
  - {x: -0.9132576, y: 1.4250002}
  - {x: -0.9026575, y: -1.5443923}
  - {x: 2.0699997, y: -1.5399919}
  - {x: 2.0699997, y: 0.4100001}
  - {x: 1.0355692, y: 0.4144001}
  - {x: 1.0461693, y: 1.4250003}
  _uv3:
  - {x: 0, y: 0, z: 0, w: 0}
  - {x: 0, y: 0, z: 0, w: 0}
  - {x: 0, y: 0, z: 0, w: 0}
  - {x: 0, y: 0, z: 0, w: 0}
  - {x: 0, y: 0, z: 0, w: 0}
  - {x: 0, y: 0, z: 0, w: 0}
  - {x: 0, y: 0, z: 0, w: 0}
  - {x: 0, y: 0, z: 0, w: 0}
  - {x: 0, y: 0, z: 0, w: 0}
  - {x: 0, y: 0, z: 0, w: 0}
  - {x: 0, y: 0, z: 0, w: 0}
  - {x: 0, y: 0, z: 0, w: 0}
  - {x: 0, y: 0, z: 0, w: 0}
  - {x: 0, y: 0, z: 0, w: 0}
  - {x: 0, y: 0, z: 0, w: 0}
  - {x: 0, y: 0, z: 0, w: 0}
  - {x: 0, y: 0, z: 0, w: 0}
  - {x: 0, y: 0, z: 0, w: 0}
  - {x: 0, y: 0, z: 0, w: 0}
  - {x: 0, y: 0, z: 0, w: 0}
  - {x: 0, y: 0, z: 0, w: 0}
  - {x: 0, y: 0, z: 0, w: 0}
  - {x: 0, y: 0, z: 0, w: 0}
  - {x: 0, y: 0, z: 0, w: 0}
  - {x: 0, y: 0, z: 0, w: 0}
  - {x: 0, y: 0, z: 0, w: 0}
  - {x: 0, y: 0, z: 0, w: 0}
  - {x: 0, y: 0, z: 0, w: 0}
  - {x: 0, y: 0, z: 0, w: 0}
  - {x: 0, y: 0, z: 0, w: 0}
  - {x: 0, y: 0, z: 0, w: 0}
  - {x: 0, y: 0, z: 0, w: 0}
  - {x: 0, y: 0, z: 0, w: 0}
  - {x: 0, y: 0, z: 0, w: 0}
  - {x: 0, y: 0, z: 0, w: 0}
  - {x: 0, y: 0, z: 0, w: 0}
  - {x: 0, y: 0, z: 0, w: 0}
  - {x: 0, y: 0, z: 0, w: 0}
  - {x: 0, y: 0, z: 0, w: 0}
  - {x: 0, y: 0, z: 0, w: 0}
  - {x: 0, y: 0, z: 0, w: 0}
  - {x: 0, y: 0, z: 0, w: 0}
  - {x: 0, y: 0, z: 0, w: 0}
  - {x: 0, y: 0, z: 0, w: 0}
  - {x: 0, y: 0, z: 0, w: 0}
  - {x: 0, y: 0, z: 0, w: 0}
  - {x: 0, y: 0, z: 0, w: 0}
  - {x: 0, y: 0, z: 0, w: 0}
  - {x: 0, y: 0, z: 0, w: 0}
  - {x: 0, y: 0, z: 0, w: 0}
  _uv4:
  - {x: 0, y: 0, z: 0, w: 0}
  - {x: 0, y: 0, z: 0, w: 0}
  - {x: 0, y: 0, z: 0, w: 0}
  - {x: 0, y: 0, z: 0, w: 0}
  - {x: 0, y: 0, z: 0, w: 0}
  - {x: 0, y: 0, z: 0, w: 0}
  - {x: 0, y: 0, z: 0, w: 0}
  - {x: 0, y: 0, z: 0, w: 0}
  - {x: 0, y: 0, z: 0, w: 0}
  - {x: 0, y: 0, z: 0, w: 0}
  - {x: 0, y: 0, z: 0, w: 0}
  - {x: 0, y: 0, z: 0, w: 0}
  - {x: 0, y: 0, z: 0, w: 0}
  - {x: 0, y: 0, z: 0, w: 0}
  - {x: 0, y: 0, z: 0, w: 0}
  - {x: 0, y: 0, z: 0, w: 0}
  - {x: 0, y: 0, z: 0, w: 0}
  - {x: 0, y: 0, z: 0, w: 0}
  - {x: 0, y: 0, z: 0, w: 0}
  - {x: 0, y: 0, z: 0, w: 0}
  - {x: 0, y: 0, z: 0, w: 0}
  - {x: 0, y: 0, z: 0, w: 0}
  - {x: 0, y: 0, z: 0, w: 0}
  - {x: 0, y: 0, z: 0, w: 0}
  - {x: 0, y: 0, z: 0, w: 0}
  - {x: 0, y: 0, z: 0, w: 0}
  - {x: 0, y: 0, z: 0, w: 0}
  - {x: 0, y: 0, z: 0, w: 0}
  - {x: 0, y: 0, z: 0, w: 0}
  - {x: 0, y: 0, z: 0, w: 0}
  - {x: 0, y: 0, z: 0, w: 0}
  - {x: 0, y: 0, z: 0, w: 0}
  - {x: 0, y: 0, z: 0, w: 0}
  - {x: 0, y: 0, z: 0, w: 0}
  - {x: 0, y: 0, z: 0, w: 0}
  - {x: 0, y: 0, z: 0, w: 0}
  - {x: 0, y: 0, z: 0, w: 0}
  - {x: 0, y: 0, z: 0, w: 0}
  - {x: 0, y: 0, z: 0, w: 0}
  - {x: 0, y: 0, z: 0, w: 0}
  - {x: 0, y: 0, z: 0, w: 0}
  - {x: 0, y: 0, z: 0, w: 0}
  - {x: 0, y: 0, z: 0, w: 0}
  - {x: 0, y: 0, z: 0, w: 0}
  - {x: 0, y: 0, z: 0, w: 0}
  - {x: 0, y: 0, z: 0, w: 0}
  - {x: 0, y: 0, z: 0, w: 0}
  - {x: 0, y: 0, z: 0, w: 0}
  - {x: 0, y: 0, z: 0, w: 0}
  - {x: 0, y: 0, z: 0, w: 0}
  _tangents: []
  _sharedIndicesUV: []
  _colors:
  - {r: 1, g: 1, b: 1, a: 1}
  - {r: 1, g: 1, b: 1, a: 1}
  - {r: 1, g: 1, b: 1, a: 1}
  - {r: 1, g: 1, b: 1, a: 1}
  - {r: 1, g: 1, b: 1, a: 1}
  - {r: 1, g: 1, b: 1, a: 1}
  - {r: 1, g: 1, b: 1, a: 1}
  - {r: 1, g: 1, b: 1, a: 1}
  - {r: 1, g: 1, b: 1, a: 1}
  - {r: 1, g: 1, b: 1, a: 1}
  - {r: 1, g: 1, b: 1, a: 1}
  - {r: 1, g: 1, b: 1, a: 1}
  - {r: 1, g: 1, b: 1, a: 1}
  - {r: 1, g: 1, b: 1, a: 1}
  - {r: 1, g: 1, b: 1, a: 1}
  - {r: 1, g: 1, b: 1, a: 1}
  - {r: 1, g: 1, b: 1, a: 1}
  - {r: 1, g: 1, b: 1, a: 1}
  - {r: 1, g: 1, b: 1, a: 1}
  - {r: 1, g: 1, b: 1, a: 1}
  - {r: 1, g: 1, b: 1, a: 1}
  - {r: 1, g: 1, b: 1, a: 1}
  - {r: 1, g: 1, b: 1, a: 1}
  - {r: 1, g: 1, b: 1, a: 1}
  - {r: 1, g: 1, b: 1, a: 1}
  - {r: 1, g: 1, b: 1, a: 1}
  - {r: 1, g: 1, b: 1, a: 1}
  - {r: 1, g: 1, b: 1, a: 1}
  userCollisions: 0
  isSelectable: 1
  unwrapParameters:
    hardAngle: 88
    packMargin: 4
    angleError: 8
    areaError: 15
  dontDestroyMeshOnDelete: 0
  m_selectedFaces: 
  m_SelectedEdges: []
  m_selectedTriangles: 
--- !u!64 &1500205811
MeshCollider:
  m_ObjectHideFlags: 0
  m_CorrespondingSourceObject: {fileID: 0}
  m_PrefabInstance: {fileID: 0}
  m_PrefabAsset: {fileID: 0}
  m_GameObject: {fileID: 1500205809}
  m_Material: {fileID: 13400000, guid: cef6c32f80baf794d9ed89bd48890f69, type: 2}
  m_IsTrigger: 0
  m_Enabled: 1
  serializedVersion: 3
  m_Convex: 0
  m_CookingOptions: 14
  m_Mesh: {fileID: 0}
--- !u!114 &1500205810
MonoBehaviour:
  m_ObjectHideFlags: 0
  m_CorrespondingSourceObject: {fileID: 0}
  m_PrefabInstance: {fileID: 0}
  m_PrefabAsset: {fileID: 0}
  m_GameObject: {fileID: 1500205809}
  m_Enabled: 1
  m_EditorHideFlags: 0
  m_Script: {fileID: -142605913, guid: 4f0627da958b4bb78c260446066f065f, type: 3}
  m_Name: 
  m_EditorClassIdentifier: 
  manageVisibility: 1
--- !u!1 &1376076082491182
GameObject:
  m_ObjectHideFlags: 0
  m_CorrespondingSourceObject: {fileID: 0}
  m_PrefabInstance: {fileID: 0}
  m_PrefabAsset: {fileID: 0}
  serializedVersion: 6
  m_Component:
  - component: {fileID: 4705131439918340}
  - component: {fileID: 33415700930616644}
  - component: {fileID: 23542569297606804}
  m_Layer: 0
  m_Name: BASML_Base_Corridor_Angle
  m_TagString: Untagged
  m_Icon: {fileID: 0}
  m_NavMeshLayer: 0
  m_StaticEditorFlags: 4294967295
  m_IsActive: 1
--- !u!4 &4705131439918340
Transform:
  m_ObjectHideFlags: 0
  m_CorrespondingSourceObject: {fileID: 0}
  m_PrefabInstance: {fileID: 0}
  m_PrefabAsset: {fileID: 0}
  m_GameObject: {fileID: 1376076082491182}
  m_LocalRotation: {x: 0, y: 0, z: 0, w: 1}
  m_LocalPosition: {x: 0, y: 0, z: 0}
  m_LocalScale: {x: 1, y: 1, z: 1}
  m_Children:
  - {fileID: 1500205815}
  m_Father: {fileID: 0}
  m_RootOrder: 0
  m_LocalEulerAnglesHint: {x: 0, y: 0, z: 0}
--- !u!33 &33415700930616644
MeshFilter:
  m_ObjectHideFlags: 0
  m_CorrespondingSourceObject: {fileID: 0}
  m_PrefabInstance: {fileID: 0}
  m_PrefabAsset: {fileID: 0}
  m_GameObject: {fileID: 1376076082491182}
  m_Mesh: {fileID: 4300002, guid: fccbbab9c01dc734e90008b9877a87aa, type: 3}
--- !u!23 &23542569297606804
MeshRenderer:
  m_ObjectHideFlags: 0
  m_CorrespondingSourceObject: {fileID: 0}
  m_PrefabInstance: {fileID: 0}
  m_PrefabAsset: {fileID: 0}
  m_GameObject: {fileID: 1376076082491182}
  m_Enabled: 1
  m_CastShadows: 1
  m_ReceiveShadows: 1
  m_DynamicOccludee: 1
  m_MotionVectors: 1
  m_LightProbeUsage: 1
  m_ReflectionProbeUsage: 1
  m_RenderingLayerMask: 4294967295
  m_RendererPriority: 0
  m_Materials:
  - {fileID: 2100000, guid: a148d43288106354e92e57d7435a55d0, type: 2}
  m_StaticBatchInfo:
    firstSubMesh: 0
    subMeshCount: 0
  m_StaticBatchRoot: {fileID: 0}
  m_ProbeAnchor: {fileID: 0}
  m_LightProbeVolumeOverride: {fileID: 0}
  m_ScaleInLightmap: 1
  m_PreserveUVs: 0
  m_IgnoreNormalsForChartDetection: 0
  m_ImportantGI: 0
  m_StitchLightmapSeams: 0
  m_SelectedEditorRenderState: 3
  m_MinimumChartSize: 4
  m_AutoUVMaxDistance: 0.5
  m_AutoUVMaxAngle: 89
  m_LightmapParameters: {fileID: 0}
  m_SortingLayerID: 0
  m_SortingLayer: 0
  m_SortingOrder: 0
