%YAML 1.1
%TAG !u! tag:unity3d.com,2011:
--- !u!1001 &100100000
Prefab:
  m_ObjectHideFlags: 1
  serializedVersion: 2
  m_Modification:
    m_TransformParent: {fileID: 0}
    m_Modifications: []
    m_RemovedComponents: []
  m_SourcePrefab: {fileID: 0}
  m_RootGameObject: {fileID: 1022557272544470}
  m_IsPrefabAsset: 1
--- !u!1 &1022557272544470
GameObject:
  m_ObjectHideFlags: 0
  m_CorrespondingSourceObject: {fileID: 0}
  m_PrefabInternal: {fileID: 100100000}
  serializedVersion: 6
  m_Component:
  - component: {fileID: 4853662942025352}
  - component: {fileID: 33289182801957054}
  - component: {fileID: 23802915933723712}
  - component: {fileID: 136390198046867526}
  - component: {fileID: 114175626488550044}
  - component: {fileID: 114967284190445822}
  m_Layer: 26
  m_Name: prt Enemy
  m_TagString: Untagged
  m_Icon: {fileID: 0}
  m_NavMeshLayer: 0
  m_StaticEditorFlags: 0
  m_IsActive: 1
--- !u!4 &4853662942025352
Transform:
  m_ObjectHideFlags: 1
  m_CorrespondingSourceObject: {fileID: 0}
  m_PrefabInternal: {fileID: 100100000}
  m_GameObject: {fileID: 1022557272544470}
  m_LocalRotation: {x: 0, y: 0, z: 0, w: 1}
  m_LocalPosition: {x: -13.296102, y: 2.2390964, z: 21.945055}
  m_LocalScale: {x: 1, y: 1, z: 1}
  m_Children: []
  m_Father: {fileID: 0}
  m_RootOrder: 0
  m_LocalEulerAnglesHint: {x: 0, y: 0, z: 0}
--- !u!23 &23802915933723712
MeshRenderer:
  m_ObjectHideFlags: 1
  m_CorrespondingSourceObject: {fileID: 0}
  m_PrefabInternal: {fileID: 100100000}
  m_GameObject: {fileID: 1022557272544470}
  m_Enabled: 1
  m_CastShadows: 1
  m_ReceiveShadows: 1
  m_DynamicOccludee: 1
  m_MotionVectors: 1
  m_LightProbeUsage: 1
  m_ReflectionProbeUsage: 1
  m_RenderingLayerMask: 4294967295
  m_Materials:
  - {fileID: 2100000, guid: 0db9fea0747d6ce4886914b2134c3770, type: 2}
  m_StaticBatchInfo:
    firstSubMesh: 0
    subMeshCount: 0
  m_StaticBatchRoot: {fileID: 0}
  m_ProbeAnchor: {fileID: 0}
  m_LightProbeVolumeOverride: {fileID: 0}
  m_ScaleInLightmap: 1
  m_PreserveUVs: 0
  m_IgnoreNormalsForChartDetection: 0
  m_ImportantGI: 0
  m_StitchLightmapSeams: 0
  m_SelectedEditorRenderState: 3
  m_MinimumChartSize: 4
  m_AutoUVMaxDistance: 0.5
  m_AutoUVMaxAngle: 89
  m_LightmapParameters: {fileID: 0}
  m_SortingLayerID: 0
  m_SortingLayer: 0
  m_SortingOrder: 0
--- !u!33 &33289182801957054
MeshFilter:
  m_ObjectHideFlags: 1
  m_CorrespondingSourceObject: {fileID: 0}
  m_PrefabInternal: {fileID: 100100000}
  m_GameObject: {fileID: 1022557272544470}
  m_Mesh: {fileID: 10208, guid: 0000000000000000e000000000000000, type: 0}
--- !u!114 &114175626488550044
MonoBehaviour:
  m_ObjectHideFlags: 1
  m_CorrespondingSourceObject: {fileID: 0}
  m_PrefabInternal: {fileID: 100100000}
  m_GameObject: {fileID: 1022557272544470}
  m_Enabled: 1
  m_EditorHideFlags: 0
  m_Script: {fileID: 11500000, guid: e30da4fa96ed67145a2c5310eca67bb4, type: 3}
  m_Name: 
  m_EditorClassIdentifier: 
  m_Attributes:
  - m_States:
    - m_Name: Default
      m_Preset: {fileID: 0}
      m_BlockList: []
      m_Default: 1
    m_Name: Health
    m_MinValue: 0
    m_MaxValue: 1
    m_Value: 1
    m_AutoUpdateValueType: 0
    m_AutoUpdateStartDelay: 1
    m_AutoUpdateInterval: 0.1
    m_AutoUpdateAmount: 0.2
--- !u!114 &114967284190445822
MonoBehaviour:
  m_ObjectHideFlags: 1
  m_CorrespondingSourceObject: {fileID: 0}
  m_PrefabInternal: {fileID: 100100000}
  m_GameObject: {fileID: 1022557272544470}
  m_Enabled: 1
  m_EditorHideFlags: 0
  m_Script: {fileID: 11500000, guid: 6c1eefff1d3d6844f88ad19752c306e0, type: 3}
  m_Name: 
  m_EditorClassIdentifier: 
  m_States:
  - m_Name: Default
    m_Preset: {fileID: 0}
    m_BlockList: []
    m_Default: 1
  m_Invincible: 0
  m_TimeInvincibleAfterSpawn: 0
  m_HealthAttributeName: Health
  m_ShieldAttributeName: 
  m_Hitboxes:
  - m_Collider: {fileID: 136390198046867526}
    m_DamageMultiplier: 1
  m_MaxHitboxCollisionCount: 10
  m_SpawnedObjectsOnDeath: []
  m_DestroyedObjectsOnDeath: []
  m_DeactivateOnDeath: 0
  m_DeactivateOnDeathDelay: 0
  m_DeathLayer:
    serializedVersion: 2
    m_Bits: 0
  m_TakeDamageAudioClipSet:
    m_Delay: 0
    m_AudioClips: []
  m_HealAudioClipSet:
    m_Delay: 0
    m_AudioClips: []
  m_DeathAudioClipSet:
    m_Delay: 0
    m_AudioClips: []
  m_OnDamageEvent:
    m_PersistentCalls:
      m_Calls: []
    m_TypeName: Opsive.UltimateCharacterController.Events.UnityFloatVector3Vector3GameObjectEvent,
      Assembly-CSharp, Version=0.0.0.0, Culture=neutral, PublicKeyToken=null
  m_OnHealEvent:
    m_PersistentCalls:
      m_Calls: []
    m_TypeName: Opsive.UltimateCharacterController.Events.UnityFloatEvent, Assembly-CSharp,
      Version=0.0.0.0, Culture=neutral, PublicKeyToken=null
  m_OnDeathEvent:
    m_PersistentCalls:
      m_Calls: []
    m_TypeName: Opsive.UltimateCharacterController.Events.UnityVector3Vector3GameObjectEvent,
      Assembly-CSharp, Version=0.0.0.0, Culture=neutral, PublicKeyToken=null
--- !u!136 &136390198046867526
CapsuleCollider:
  m_ObjectHideFlags: 1
  m_CorrespondingSourceObject: {fileID: 0}
  m_PrefabInternal: {fileID: 100100000}
  m_GameObject: {fileID: 1022557272544470}
  m_Material: {fileID: 0}
  m_IsTrigger: 0
  m_Enabled: 1
  m_Radius: 0.5
  m_Height: 2
  m_Direction: 1
  m_Center: {x: 0, y: 0, z: 0}
